% First large-scale analysis of IFTTT recipes
@INPROCEEDINGS{sab+17,
  TITLE={{Some Recipes Can Do More Than Spoil Your Appetite: Analyzing the Security and Privacy Risks of IFTTT Recipes}},
  AUTHOR={Surbatovich, Milijana and Aljuraidan, Jassim and Bauer, Lujo and Das, Anupam and Jia, Limin},
  BOOKTITLE={Proceedings of the 26th International Conference on World Wide Web},
  PAGES={1501--1510},
  MONTH=apr,
  YEAR={2017},
}

@INPROCEEDINGS{fjp16,
  title={{Security analysis of emerging smart home applications}},
  author={Fernandes, Earlence and Jung, Jaeyeon and Prakash, Atul},
  booktitle={Security and Privacy (SP), 2016 IEEE Symposium on},
  pages={636--654},
  month=may,
  year={2016},
}

%% Smart home device attacks
% Hue bridge and Wemo communication protocols and authentication
@inproceedings{nsg+14,
  title={{An experimental study of security and privacy risks with emerging household appliances}},
  author={Notra, Sukhvir and Siddiqi, Muhammad and Gharakheili, Hassan Habibi and Sivaraman, Vijay and Boreli, Roksana},
  booktitle={Proceedings of the 2014 IEEE Conference on Communications and Network Security (CNS)},
  pages={79--84},
  year={2014},
}

% Attack on the smart home firewall via malicious devices
@inproceedings{sceb16,
  title={{Smart-phones attacking smart-homes}},
  author={Sivaraman, Vijay and Chan, Dominic and Earl, Dylan and Boreli, Roksana},
  booktitle={Proceedings of the 9th ACM Conference on Security \& Privacy in Wireless and Mobile Networks},
  pages={195--200},
  year={2016},
  organization={ACM}
}

@MISC{veracode,
  AUTHOR = {{Veracode}},
  TITLE = {{The Internet of Things Poses Cybersecurity Risk}},
  HOWPUBLISHED = {\url{https://info.veracode.com/whitepaper-the-internet-of-things-poses-cybersecurity-risk.html}},
  YEAR={2016},
}

@MISC{smartapp-repo,
  AUTHOR = {{Samsung}},
  TITLE = {{Samsung SmartThings SmartApp Public Repository}},
  HOWPUBLISHED = {\url{https://github.com/SmartThingsCommunity/SmartThingsPublic}},
  YEAR={2018},
}

% Defenses

% ContextIoT
@inproceedings{jcw+17,
  title={{ContexIoT: Towards providing contextual integrity to appified IoT platforms}},
  author={Jia, Yunhan Jack and Chen, Qi Alfred and Wang, Shiqi and Rahmati, Amir and Fernandes, Earlence and Mao, Z Morley and Prakash, Atul and Unviersity, Shanghai JiaoTong},
  booktitle={Proceedings of the 2017 Network and Distributed System Security Symposium (NDSS)},
  year={2017}
}

% ProvThings
@inproceedings{whbg18,
  title={{Fear and Logging in the Internet of Things}},
  author={Wang, Qi and Hassan, Wajih Ul and Bates, Adam and Gunter, Carl},
  booktitle={Network and Distributed Systems Symposium},
  year={2018},
}

% SmartAuth
@inproceedings{tzl+17,
  title={SmartAuth: User-Centered Authorization for the Internet of Things},
  author={Tian, Yuan and Zhang, Nan and Lin, Yueh-Hsun and Wang, XiaoFeng and Ur, Blase and Guo, XianZheng and Tague, Patrick},
  booktitle={Proceedings of the 26th USENIX Security Symposium},
  year={2017},
}

% FlowFence
@inproceedings{fpr+16,
  title={{FlowFence: Practical Data Protection for Emerging IoT Application Frameworks}},
  author={Fernandes, Earlence and Paupore, Justin and Rahmati, Amir and Simionato, Daniel and Conti, Mauro and Prakash, Atul},
  booktitle={Proceedings of the 25th USENIX Security Symposium (USENIX)},
  pages={531--548},
  year={2016},	
  month=aug,
}

% SainT, i.e., TaintDroid for Smart Homes
@inproceedings{cbs+18,
  title={{Sensitive Information Tracking in Commodity IoT}},
  author={Celik, Z Berkay and Babun, Leonardo and Sikder, Amit Kumar and Aksu, Hidayet and Tan, Gang and McDaniel, Patrick and Uluagac, A Selcuk},
  booktitle={Proceedings of the 27th USENIX Security Symposium (USENIX)},
  year=2018,
  month=aug,
}

% Tyche: A risk-based permission model (tl;dr, users agree with domain experts on what operations are risky, e.g., locking the door)
@inproceedings{rfep18,
  title={{Tyche: A Risk-Based Permission Model for Smart Homes}},
  author={Rahmati, Amir and Fernandes, Earlence and Eykholt, Kevin and Prakash, Atul},
  booktitle={2018 IEEE Cybersecurity Development (SecDev)},
  pages={29--36},
  year={2018},
}

% Multi-user access control requirements MTurk study, i.e., would you prefer your spouse to delete device use log?
% Not a system, just a study and recommendations
@inproceedings{hgp+18,
  title={{Rethinking Access Control and Authentication for the Home Internet of Things (iot)}},
  author={He, Weijia and Golla, Maximilian and Padhi, Roshni and Ofek, Jordan and D{\"u}rmuth, Markus and Fernandes, Earlence and Ur, Blase},
  booktitle={Proceedings of the 27th USENIX Security Symposium (USENIX)},
  pages={255--272},
  year={2018},
}

% Functionality-based "Enforcement", i.e., isolating functionality using Linux Containers. To read.
@inproceedings{lck+17,
  title={{FACT: Functionality-centric access control system for IoT programming frameworks}},
  author={Lee, Sanghak and Choi, Jiwon and Kim, Jihun and Cho, Beumjin and Lee, Sangho and Kim, Hanjun and Kim, Jong},
  booktitle={Proceedings of the 22nd ACM on Symposium on Access Control Models and Technologies},
  pages={43--54},
  year={2017},
}

% Collecting data on Home Automation Routines
% SIGCHI PAPER: What do you want your smart home to do?
@INPROCEEDINGS{ump+14,
  title={{Practical trigger-action programming in the smart home}},
  author={Ur, Blase and McManus, Elyse and Pak Yong Ho, Melwyn and Littman, Michael L},
  booktitle={Proceedings of the SIGCHI Conference on Human Factors in Computing Systems},
  pages={803--812},
  year={2014},
}

@inproceedings{upb+16,
  title={Trigger-action programming in the wild: An analysis of 200,000 ifttt recipes},
  author={Ur, Blase and Pak Yong Ho, Melwyn and Brawner, Stephen and Lee, Jiyun and Mennicken, Sarah and Picard, Noah and Schulze, Diane and Littman, Michael L},
  booktitle={Proceedings of the 2016 CHI Conference on Human Factors in Computing Systems},
  pages={3227--3231},
  year={2016},
}

%% Home Automation (Routines): Detecting chains and other problems
% Soteria
@INPROCEEDINGS {cmt18,
  AUTHOR = {Z. Berkay Celik and Patrick McDaniel and Gang Tan},
  TITLE = {{Soteria: Automated IoT Safety and Security Analysis}},
  BOOKTITLE = {2018 {USENIX} Annual Technical Conference ({USENIX} {ATC})},
  YEAR = {2018},
  PAGES = {147--158},
}

@INPROCEEDINGS {ctm19,
  AUTHOR = {Z. Berkay Celik and Gang Tan and Patrick McDaniel},
  TITLE = {{IoTGuard: Dynamic Enforcement of Security and Safety Policy in Commodity IoT}},
  BOOKTITLE = {2019 NDSS Symposium},
  YEAR = {2019},
  NOTE = {\em To appear.}
}


% IotMon
@INPROCEEDINGS{dh18,
  TITLE={{On the Safety of IoT Device Physical Interaction Control}},
  AUTHOR={Ding, Wenbo and Hu, Hongxin},
  BOOKTITLE={Proceedings of the 2018 ACM SIGSAC Conference on Computer and Communications Security (CCS)},
  PAGES={832--846},
  YEAR={2018},
  MONTH= oct,
}

% IoTSAN (IoTSanitizer)
@INPROCEEDINGS{nsq+18,
  AUTHOR = {Nguyen, Dang Tu and Song, Chengyu and Qian, Zhiyun and Krishnamurthy, Srikanth V. and Colbert, Edward J. M. and McDaniel, Patrick},
  TITLE = {{IotSan: Fortifying the Safety of IoT Systems}},
  BOOKTITLE = {Proceedings of the 14th International Conference on Emerging Networking EXperiments and Technologies (CoNEXT)},
  YEAR = {2018},
  PAGES = {191--203},
  MON = dec,
} 

% Our Codaspy paper (Data-store-based home automation}
@INPROCEEDINGS{kmm+19,
  AUTHOR={Kaushal Kafle and Kevin Moran and Sunil Manandhar and Adwait Nadkarni and Denys Poshyvanyk},
  TITLE={{A Study of Data Store-based Home Automation}},
  BOOKTITLE={Proceedings of the 9th ACM Conference on Data and Application Security and Privacy
  (CODASPY)},
  YEAR={2019},
  MONTH= mar,   
  NOTE={To Appear}
}

@article{kkm+19arxiv,
  title={A Study of Data Store-based Home Automation},
  author={Kafle, Kaushal and Moran, Kevin and Manandhar, Sunil and Nadkarni, Adwait and Poshyvanyk, Denys},
  journal={arXiv preprint arXiv:1812.01597},
  year={2018}
}
