%MITLM Toolkit
@MISC{mitlm,
  AUTHOR = {{Bo-June Hsu}},
  TITLE = {{MIT Language Modeling Toolkit}},
  HOWPUBLISHED = {\url{https://github.com/mitlm/mitlm}},
  YEAR = {Accessed December 2018}
}
% NEWS Reports on lateral privilege escalation
@MISC{lpeNews1,
  AUTHOR = {{Adrienne Berard}},
  TITLE = {{Smart home security devices may be vulnerable to smart hackers}},
  HOWPUBLISHED = {\url{https://www.wm.edu/news/stories/2018/smart-home-security-devices-may-be-vulnerable-to-smart-hackers.php}},
  YEAR = {Accessed December 2018},
}
@MISC{lpeNews2,
  AUTHOR = {Cheyenne Macdonald},
  TITLE = {{Security experts warn burglars could hack smart sprinklers and other connected devices to disable home alarm systems}},
  HOWPUBLISHED = {\url{https://www.dailymail.co.uk/sciencetech/article-6487237/Study-Burglars-hack-smart-sprinkler-disable-alarm.html}},
  YEAR = {Accessed December 2018},
}
@MISC{lpeNews3,
  AUTHOR = {{Associated Press}},
  TITLE = {{Study: Burglars could hack smart sprinkler to disable alarm}},
  HOWPUBLISHED = {\url{https://www.washingtonpost.com/local/study-burglars-could-hack-smart-sprinkler-to-disable-alarm/2018/12/12/945c44f6-fdfa-11e8-a17e-162b712e8fc2_story.html?noredirect=on&utm_term=.4f736d7f8e6b}},
  YEAR = {Accessed December 2018},
}

%Carbon Monoxide deaths Data
@MISC{co,
  AUTHOR = {{Center for Disease Control and Prevention}},
  TITLE = {{QuickStats: Average Annual Number of Deaths and Death Rates from Unintentional, Non–Fire-Related Carbon Monoxide Poisoning, by Sex and Age Group — United States, 1999–2010}},
  HOWPUBLISHED = {\url{https://www.cdc.gov/mmwr/preview/mmwrhtml/mm6303a6.htm}},
  YEAR = {Accessed December 2018}
}

%Weather Data
@MISC{weather,
  AUTHOR = {{National Centers for Environmental Information}},
  TITLE = {{Data Access}},
  HOWPUBLISHED = {\url{https://www.ncdc.noaa.gov/data-access}},
  YEAR = {Accessed December 2018}
}

%Fire Data
@MISC{fire,
  AUTHOR = {{U.S. Fire Administration}},
  TITLE = {{U.S. Fire Statistics}},
  HOWPUBLISHED = {\url{https://www.usfa.fema.gov/data/statistics/}},
  YEAR = {Accessed December 2018}
}

% SmartThings Web IDE
@MISC{smartthingsIDE,
  AUTHOR = {{SmartThings}},
  TITLE = {{SmartThings Web IDE}},
  HOWPUBLISHED = {\url{https://graph.api.smartthings.com}},
  YEAR = {Accessed February 2019}
}

% SmartThings Capabilities
@MISC{smartthingsCaps,
  AUTHOR = {{SmartThings Developer Documentation}},
  TITLE = {{Capabilities Reference}},
  HOWPUBLISHED = {\url{https://docs.smartthings.com/en/latest/capabilities-reference.html}},
  YEAR = {Accessed December 2018}
}

%SmartApps
@MISC{smartApps,
  AUTHOR = {{SmartThings Developer Documentation}},
  TITLE = {{SmartApps}},
  HOWPUBLISHED = {\url{https://docs.smartthings.com/en/latest/smartapp-developers-guide/}},
  YEAR = {Accessed December 2018}
}

%SmartThings Public Repo
@MISC{smartThingsPublic,
  AUTHOR = {{SmartThingsCommunity}},
  TITLE = {{SmartThingsPublic}},
  HOWPUBLISHED = {\url{https://docs.smartthings.com/en/latest/smartapp-developers-guide/}},
  YEAR = {Accessed December 2018}
}

%SmartThings Concurrency bug
@MISC{smartThingsConcurrency,
  AUTHOR = {{SmartThings Community}},
  TITLE = {{Execution Times Increasing}},
  HOWPUBLISHED = {\url{https://community.smartthings.com/t/execution-times-increasing/19979}},
  YEAR = {Accessed December 2018}
}

%SmartThings Zombie Apps
@MISC{smartThingsZombie,
  AUTHOR = {{SmartThings Community}},
  TITLE = {{Help! Old SmartApp automation still running}},
  HOWPUBLISHED = {\url{https://community.smartthings.com/t/help-old-smartapp-automation-still-running/70213}},
  YEAR = {Accessed December 2018}
}

%Yale Lock
@MISC{yale,
  AUTHOR = {{SmartThings}},
  TITLE = {{Yale Assure Lock with Bluetooth (Zigbee)}},
  HOWPUBLISHED = {\url{https://www.smartthings.com/products/yale-assure-lock-with-bluetooth-zigbee}},
  YEAR = {Accessed December 2018}
}

@MISC{iot-device-market,
  AUTHOR = {{SSI Staff}},
  TITLE = {{Smart Home Devices Market Forecast to Be Growing Globally at 31\% Annual Clip}},
  HOWPUBLISHED = {\url{https://www.securitysales.com/research/smart-home-devices-market-forecast/}},
  YEAR = {Accessed December 2018}
}

@MISC{hue,
  AUTHOR = {{Philips}},
  TITLE = {{Philips Hue: Your Personal Wireless Lighting System}},
  HOWPUBLISHED = {\url{https://www2.meethue.com/en-us/about-hue}},
  YEAR = {Accessed June 2018}
}

% over 1 million installs as of May 30, 2018
@MISC{huestats,
  AUTHOR = {{Google Play}},
  TITLE = {{Philips Hue}},
  HOWPUBLISHED = {\url{https://play.google.com/store/apps/details?id=com.philips.lighting.hue2}},
  YEAR = {Accessed June 2018}
}

% over 1 million installs as of May 30, 2018
@MISC{neststats,
  AUTHOR = {{Google Play}},
  TITLE = {{Nest}},
  HOWPUBLISHED = {\url{https://play.google.com/store/apps/details?id=com.nest.android}},
  YEAR = {Accessed June 2018}
}

% over 500k installs as of May 30, 2018
@MISC{wemostats,
  AUTHOR = {{Google Play}},
  TITLE = {{WeMo}},
  HOWPUBLISHED = {\url{https://play.google.com/store/apps/details?id=com.belkin.wemoandroid}},
  YEAR = {Accessed June 2018}
}

% over 1M installs as of June 14, 2018
@MISC{kasastats,
  AUTHOR = {{Google Play}},
  TITLE = {{Kasa for Mobile}},
  HOWPUBLISHED = {\url{https://play.google.com/store/apps/details?id=com.tplink.kasa_android}},
  YEAR = {Accessed June 2018}
}

@MISC{nest,
  AUTHOR = {{Nest Labs}},
  TITLE = {{Works with Nest}},
  HOWPUBLISHED = {\url{https://nest.com/works-with-nest//}},
  YEAR = {Accessed June 2018}
}

@MISC{alexa,
  AUTHOR = {{Amazon}},
  TITLE = {{Amazon Alexa}},
  HOWPUBLISHED = {\url{https://developer.amazon.com/alexa}},
  YEAR = {Accessed December 2018}
}

@MISC{nestproducts,
  AUTHOR = {{Nest Labs}},
  TITLE = {{Works with Nest Store}},
  HOWPUBLISHED = {\url{https://workswith.nest.com/}},
  YEAR = {Accessed June 2018}
}

@MISC{kasaworkswithnest,
  AUTHOR = {{Nest Labs}},
  TITLE = {{Kasa - Works with Nest Store}},
  HOWPUBLISHED = {\url{https://workswith.nest.com/company/tp-link-research-america-corp/kasa}},
  YEAR = {Accessed June 2018}
}

@MISC{nestdoc,
  AUTHOR = {{Nest Labs}},
  TITLE = {{Nest Developers}},
  HOWPUBLISHED = {\url{https://developers.nest.com///}},
  YEAR = {Accessed June 2018}
}

@MISC{nestsimulator,
  AUTHOR = {{Nest Labs}},
  TITLE = {{Nest Simulator}},
  HOWPUBLISHED = {\url{https://developers.nest.com/documentation/cloud/home-simulator}},
  YEAR = {Accessed June 2018}
}

@MISC{nestperms,
  AUTHOR = {{Nest Developers}},
  TITLE = {{How to Choose Permissions and Write Descriptions}},
  HOWPUBLISHED = {\url{https://developers.nest.com/documentation/cloud/permissions-overview}},
  YEAR = {Accessed June 2018}
}

@MISC{nestweave,
  AUTHOR = {{Nest}},
  TITLE = {{Weave}},
  HOWPUBLISHED = {\url{https://nest.com/weave/}},
  YEAR = {Accessed June 2018}
}

@MISC{nestoauth,
  AUTHOR = {{Nest Developers}},
  TITLE = {{OAuth 2.0 Authentication and Authorization}},
  HOWPUBLISHED = {\url{https://developers.nest.com/documentation/cloud/how-to-auth}},
  YEAR = {Accessed June 2018}
}

@MISC{nestreview,
  AUTHOR = {{Nest Developers}},
  TITLE = {{Product Review Guidelines}},
  HOWPUBLISHED = {\url{https://developers.nest.com/documentation/cloud/product-review-guidelines}},
  YEAR = {Accessed June 2018}
}

@MISC{nestaway,
  AUTHOR = {{Nest Developers}},
  TITLE = {{Away \& ETA}},
  HOWPUBLISHED = {\url{https://developers.nest.com/documentation/cloud/away-guide}},
  YEAR = {Accessed June 2018}
}

@MISC{smartthings,
  AUTHOR = {{Smartthings Developers}},
  TITLE = {{Documentation}},
  HOWPUBLISHED = {\url{http://developer.smartthings.com/}},
  YEAR = {Accessed June 2018}
}

@MISC{smartthingsmodes,
  AUTHOR = {{SmartThings Support}},
  TITLE = {{How do Modes work in SmartThings Classic?}},
  HOWPUBLISHED = {\url{https://support.smartthings.com/hc/en-us/articles/200962880-How-do-Modes-work-in-SmartThings-Classic-}},
  YEAR = {Accessed June 2018}
}

@MISC{smartthingsroutines,
  AUTHOR = {{SmartThings Support}},
  TITLE = {{Routines in the SmartThings Classic app}},
  HOWPUBLISHED = {\url{https://support.smartthings.com/hc/en-us/articles/205380034-Routines-in-the-SmartThings-Classic-app}},
  YEAR = {Accessed June 2018}
}

@MISC{smartthingsclassic,
  AUTHOR = {{SmartThings}},
  TITLE = {{SmartThings Classic App}},
  HOWPUBLISHED = {\url{https://play.google.com/store/apps/details?id=com.smartthings.android}},
  YEAR = {Accessed February 2019}
}
@MISC{philipshue,
  AUTHOR = {{Philips Hue Developers}},
  TITLE = {{Philips hue API}},
  HOWPUBLISHED = {\url{https://developers.meethue.com/philips-hue-api}},
  YEAR = {Accessed June 2018}
}

@MISC{android-work,
  AUTHOR = {{Android}},
  TITLE = {{Android for Work}},
  HOWPUBLISHED = {\url{https://www.android.com/work/}},
  YEAR = {Accessed June 2018}
}

@MISC{provider-basics,
  AUTHOR = {{Android Developers}},
  TITLE = {{Content Provider Basics}},
  HOWPUBLISHED = {\url{https://developer.android.com/guide/topics/providers/content-provider-basics.html}},
  YEAR = {Accessed June 2018}
}

@MISC{knox,
  AUTHOR = {{Samsung Electronics}},
  TITLE = {{An Overview of Samsung Knox}},
  HOWPUBLISHED = {\url{http://www.samsung.com/global/business/business-images/resource/white-paper/2014/02/Samsung_KNOX_whitepaper_June-0-0.pdf}},
  YEAR = 2013,
  YEAR = {Accessed June 2018}
}

@MISC{tasks,
  AUTHOR = {{Android Developers }},
  TITLE = {{Tasks and Back Stack}},
  HOWPUBLISHED = {\url{https://developer.android.com/guide/components/tasks-and-back-stack.html}},
  YEAR = {Accessed June 2018}
}

@MISC{google-play-apps,
  AUTHOR = {{Statista}},
  TITLE = {{Number of available applications in the Google Play Store from December 2009 to February 2016}},
  HOWPUBLISHED = {\url{http://www.statista.com/statistics/266210/number-of-available-applications-in-the-google-play-store/}},
  YEAR = {Accessed June 2018}
}

@MISC{k9,
  AUTHOR={K-9 Mail developers},
  TITLE={{K-9 Mail}},
  HOWPUBLISHED={\url{https://github.com/k9mail}},
  YEAR=2015,
  YEAR = {Accessed June 2018}
}

@MISC{yetiapp,
  AUTHOR = {{Yeti}},
  TITLE = {{Yeti - Simplify the control of your smart home}},
  HOWPUBLISHED = {\url{https://getyeti.co/}},
  YEAR = {Accessed June 2018}
}

@MISC{yonomiapp,
  AUTHOR = {{Yonomi}},
  TITLE = {{Yonomi app -- Yonomi}},
  HOWPUBLISHED = {\url{https://www.yonomi.co}},
  YEAR = {Accessed June 2018}
}

@MISC{iftttapp,
  AUTHOR = {{IFTTT}},
  TITLE = {{IFTTT helps your apps and devices work together}},
  HOWPUBLISHED = {\url{https://ifttt.com/}},
  YEAR = {Accessed June 2018}
}

@MISC{stringifyapp,
  AUTHOR = {{Stringify}},
  TITLE = {{Stringify | Change Your Life by Connecting Everything}},
  HOWPUBLISHED = {\url{https://www.stringify.com//}},
  YEAR = {Accessed June 2018}
}

@MISC{yalewwn,
  AUTHOR = {{Nest}},
  TITLE = {{Nest x Yale Lock - Works with Nest Store}},
  HOWPUBLISHED = {\url{https://workswith.nest.com/company/yale/nest-x-yale-lock//}},
  YEAR = {Accessed June 2018}
}

@MISC{leaksmartwwn,
  AUTHOR = {{Nest}},
  TITLE = {{LeakSmart - Works with Nest Store}},
  HOWPUBLISHED = {\url{https://workswith.nest.com/company/leaksmart/leaksmart//}},
  YEAR = {Accessed June 2018}
}

@MISC{keenhomewwn,
  AUTHOR = {{Nest}},
  TITLE = {{Keen Home - Works with Nest Store}},
  HOWPUBLISHED = {\url{https://workswith.nest.com/company/leaksmart/leaksmart//}},
  YEAR = {Accessed June 2018}
}

@MISC{somfyprotectwwn,
  AUTHOR = {{Nest}},
  TITLE = {{Somfy Protect - Works with Nest Store}},
  HOWPUBLISHED = {\url{https://workswith.nest.com/company/somfy-protect-by-myfox-sas/works-with-somfy-protect//}},
  YEAR = {Accessed June 2018}
}

@MISC{keenhomeapp,
  AUTHOR = {{Google Play}},
  TITLE = {{Keen Home}},
  HOWPUBLISHED = {\url{https://play.google.com/store/apps/details?id=com.hipo.keen//}},
  YEAR = {Accessed June 2018}
}

@MISC{bettercap,
  AUTHOR = {{BetterCAP}},
  TITLE = {{BetterCAP stable documentation}},
  HOWPUBLISHED = {\url{https://www.bettercap.org/legacy///}},
  YEAR = {Accessed June 2018}
}

@MISC{routinegoogle1,
  AUTHOR = {{TechCrunch}},
  TITLE = {{Google Assistant is adding Routines and location-based reminders}},
  HOWPUBLISHED = {\url{https://techcrunch.com/2018/02/23/google-assistant-is-adding-routines-and-location-based-reminders/}},
  YEAR = {Accessed June 2018}
}

@MISC{routinegoogle2,
  AUTHOR = {{CNET}},
  TITLE = {{Google Routines realize their potential with full customization}},
  HOWPUBLISHED = {\url{https://www.cnet.com/news/google-routines-realize-potential-now-fully-customizable/}},
  YEAR = {Accessed June 2018}
}

@MISC{routineall,
  AUTHOR = {{Popular Science}},
  TITLE = {{Stop shouting at your smart home so much and set up multi-step routines}},
  HOWPUBLISHED = {\url{https://www.popsci.com/smart-home-routines-apple-google-amazon/}},
  YEAR = {Accessed June 2018}
}

@MISC{routinealexa,
  AUTHOR = {{The Verge}},
  TITLE = {{You can soon activate multi-step routines in Alexa with a single command}},
  HOWPUBLISHED = {\url{https://www.theverge.com/2017/9/27/16375050/alexa-routines-echo-amazon-2017/}},
  YEAR = {Accessed June 2018}
}

@MISC{routinesmartthings,
  AUTHOR = {{Engadget}},
  TITLE = {{SmartThings shows off the ridiculous possibilities of its connected home system}},
  HOWPUBLISHED = {\url{https://www.engadget.com/2014/01/11/smartthings-labs/}},
  YEAR = {Accessed June 2018}
}

@MISC{iot-adoption,
  AUTHOR = {{Gartner}},
  TITLE = {{Gartner Says 8.4 Billion Connected Things Will Be in Use in 2017, Up 31 Percent From 2016}},
  HOWPUBLISHED = {\url{https://www.gartner.com/newsroom/id/3598917}},
  YEAR = {Accessed June 2018}
}

@MISC{nestapp,
  AUTHOR = {{Nest Labs}},
  TITLE = {{Meet the Nest app}},
  HOWPUBLISHED = {\url{https://nest.com/app/}},
  YEAR = {Accessed Feb 2019}
}
}


