## Convention for key (journals, workshops and conferences):
# <3 letter first-author last name><yy><unique><venue>

%% Foundational Concepts %%%%%%%%%%%%%%%%%%%%%%%%%%%%%%%%%%%%%%%%%%%%

% canonical reference for reference monitors
@TECHREPORT{and72,
  AUTHOR = {Anderson, J. P.},
  TITLE = {{Computer Security Technology Planning Study}},
  ADDRESS = {Hanscom AFB, Bedford, MA},
  INSTITUTION = {Air Force Electronic Systems Division},
  NOTE = {(Also available as Vol. I, DITCAD-758206. Vol. II
      DITCAD-772806).},
  TYPE = {{ESDTR}-73-51},
  YEAR = {1972}
}

@INPROCEEDINGS{lam71,
  AUTHOR = {Butler Lampson},
  TITLE = {{Protection}},
  BOOKTITLE = {Proceedings of the Fifth Princeton Symposium of
    Information Science and Systems},
  PAGES = {437--443},
  MONTH = mar,
  YEAR = 1971,
}

Berger, Jeffrey L., Jeffrey Picciotto, John P. L. Woodward, and Paul T.
Cummings. "Compartmented mode workstation: Prototype highlights." Software
Engineering, IEEE Transactions on 16, no. 6 (1990): 608-618.

@ARTICLE{tho84,
  AUTHOR = {Ken Thompson},
  TITLE = {{Reflections on Trusting Trust}},
  JOURNAL = {Communications of the ACM},
  VOLUME = 27,
  NUMBER = 8,
  PAGES = {761--763},
  YEAR = 1984,
}

@ARTICLE{lam73,
  AUTHOR = {Butler W. Lampson},
  TITLE = {{A Note on the Confinement Problem}},
  JOURNAL = {Communications of the ACM},
  VOLUME = 16,
  NUMBER = 10,
  MONTH = oct,
  YEAR = 1973,
}

@BOOK{jae08,
  AUTHOR = {Trent Jaeger},
  TITLE = {{Operating System Security, Synthesis Lectures on Information
    Security Privacy and Trust}},
  EDITOR = {Morgan and Claypool},
  YEAR = 2008,
}

@ARTICLE{sal74a,
  AUTHOR = {Jerome H. Saltzer},
  TITLE = {{Ongoing Research and Development on Information Protection}},
  JOURNAL = {ACM SIGOPS Operating Systems Review},
  VOLUME = 8,
  NUMBER = 3,
  MONTH = jul,
  YEAR = 1974,
}

@ARTICLE{sal74b,
  AUTHOR = {Jerome H. Saltzer},
  TITLE = {{Protection and the Control of Information Sharing in Multics}},
  JOURNAL = {Communications of the ACM},
  VOLUME = 17,
  NUMBER = 7,
  MONTH = jul,
  YEAR = 1974,
}

@ARTICLE{ss75,
  AUTHOR = {Jerry Saltzer and Mike Schroeder},
  TITLE = {{The Protection of Information in Computer Systems}},
  VOLUME = {63},
  NUMBER = {9},
  JOURNAL = {Proceedings of the IEEE},
  MONTH = sep,
  YEAR = 1975,
}

@ARTICLE{har88,
  AUTHOR = {N. Hardy},
  TITLE = {{The Confused Deputy: (or why capabilities might have been
      invented)}},
  JOURNAL = {SIGOPS Operating Systems Review},
  VOLUME = 22,
  NUMBER = 4,
  PAGES = {36--38},
  YEAR = 1988,
}

% Trojan
@ARTICLE{lbmc94,
 AUTHOR = {Landwehr, Carl E. and Bull, Alan R. and McDermott, John P. and Choi, William S.},
 TITLE = {{A Taxonomy of Computer Program Security Flaws}},
 JOURNAL = {ACM Computing Surveys (CSUR)},
 VOLUME = {26},
 NUMBER = {3},
 MONTH = sep,
 YEAR = 1994,
}


%% Early Systems %%%%%%%%%%%%%%%%%%%%%%%%%%%%%%%%%%%%%%%%%%%%%%%%%%%%

% Scomp
@ARTICLE{fra83,
  AUTHOR = {L. J. Fraim},
  TITLE = {{Scomp: A Solution to the Multilevel Security Problem}},
  JOURNAL = {IEEE Computer},
  VOLUME = 16,
  NUMBER = 7,
  PAGES = {26--24},
  YEAR = 1983,
}

% GEMSOS
@INPROCEEDINGS{stt88,
  AUTHOR = {W. R. Shockley and T. F. Tao and M. F. Thompson},
  TITLE = {{An Overview of the GEMSOS Class A1 Technology and Application
    Experience}},
  BOOKTITLE = {Proceedings of the 11th National Computer Security Conference},
  PAGES = {238--245},
  MONTH = oct,
  YEAR = 1988,
}

% Verification of reference monitors
@INPROCEEDINGS{fcds10,
  AUTHOR={Franklin, Jason and Chaki, Sagar and Datta, Anupam and Seshadri, Arvind},
  TITLE={{Scalable parametric verification of secure systems: How to verify reference monitors without worrying about data structure size}},
  BOOKTITLE={Security and Privacy (SP), 2010 IEEE Symposium on},
  PAGES={365--379},
  YEAR={2010},
}

@INPROCEEDINGS{vcj+13,
  AUTHOR={Vasudevan, Amit and Chaki, Sagar and Jia, Limin and McCune, Jonathan and Newsome, James and Datta, Anupam},
  TITLE={Design, implementation and verification of an extensible and modular hypervisor framework},
  BOOKTITLE={Security and Privacy (SP), 2013 IEEE Symposium on},
  PAGES={430--444},
  YEAR={2013},
}

% separation kernel conceptual
@ARTICLE{rus81,
  AUTHOR = {J. M. Rushby},
  TITLE = {{Design and Verification of Secure Systems}},
  JOURNAL = {ACM SIGOPS Operating Systems Review},
  VOLUME = 15,
  NUMBER = 5,
  YEAR = 1981,
}

% sepration kernel design
@INPROCEEDINGS{rus82,
  AUTHOR = {J. M. Rushby},
  TITLE = {{Proof of Separability: A Verification Technique for a Class of
    Security Kernels}},
  BOOKTITLE = {Proceedings of the 5th International Symposium on Programming},
  YEAR = 1982,
}

% Mach
@INPROCEEDINGS{abb+86,
  AUTHOR = {Mike Accetta and Robert Baron and William Bolosky and David Golub
    and Richard Rashid an dAVadis Tevanian and Michael Young},
  TITLE = {{Mach: A New Kernel Foundation For UNIX Development}},
  BOOKTITLE = {Proceedings of the Summer USENIX Conference},
  YEAR = 1986,
}

% L4
@INPROCEEDINGS{lie95,
  AUTHOR = {Jochen Liedtke},
  TITLE = {{On $\mu$-Kernel Construction}},
  BOOKTITLE = {Proceedings of the 15th ACM Symposium on Operating Sysetms
    Principles (SOSP)},
  YEAR = 1995,
}

% L3
@INPROCEEDINGS{lie93,
  AUTHOR = {Jochen Liedtke},
  TITLE = {{Improving IPC by Kernel Design}},
  BOOKTITLE = {Proceedings of the 14th ACM Symposium on Operating Sysetms
    Principles (SOSP)},
  YEAR = 1993,
}

%% Virtual machine isolation %%%%%%%%%%%%%%%%%%%%%%%%%%%%%%%%%%%%%%%%
@phdthesis{gol72,
  author = {R. Goldberg},
  title = {{Arcitechural Principles for Virtual Computer Systems}},
  school = {Harvard University},
  Year = {1972},
}

@article{gol74,
  author = {R. Goldberg},
  title = {{Survey of Virtual Machine Research}},
  JOURNAL = {IEEE Computer Magazine},
  VOLUME = {7},
  pages = {34--45},
  year = {1974},
  month = jun,
}

@article{cre81,
  author = {R. J. Creasy},
  title = {{The Origin of the VM/370 Time-Sharing System}},
  journal = {IBM J. Research and Development},
  volume = {25},
  number = {5},
  pages = {483--490},
  month = sep,
  year = {1981},
}

@INPROCEEDINGS{kf91,
  AUTHOR = {Nancy L. Kelem and Richard J. Feiertag},
  TITLE = {{A Sepration Model for Virtual Machine Monitors}},
  BOOKTITLE = {Proceedings of the IEEE Symposium on Research in Security and
    Privacy},
  YEAR = 1991,
}

@INPROCEEDINGS{gpc+03,
  AUTHOR = {Tal Garfinkel and Ben Pfaff and Jim Chow and Mendel Rosenblum and
    Dan Boneh},
  TITLE = {{Terra: A Virtual Machine-Based Platform for Trusted Computing}},
  BOOKTITLE = {Proceedings of the 19th ACM Symposium on Operating Systems
    Principles (SOSP)},
  PAGES = {193--206},
  YEAR = 2003,
}

@INPROCEEDINGS{mlo97,
  AUTHOR = {Terrence Mitchem and Raymon Lu and Richard O'Brien},
  TITLE = {{Using Kernel Hypervisors to Secure Applications}},
  BOOKTITLE = {Proceedings of the 13th Annual Computer Security Applications
    Conference (ACSAC)},
  PAGES = {175--181},
  MONTH = dec,
  YEAR = 1997,
}

@INPROCEEDINGS{sjv+05,
  AUTHOR = {Reiner Sailer and Trent Jaeger and Enriquillo Valdez and Ramon
    Caceres and Ronald Perez and Stefan Berger and John Linwood Griffin and
      Leendert {van Doom}},
  TITLE = {{Building a MAC-Based Security Architecture for the Xen Open-Source
    Hypervisor}},
  BOOKTITLE = {Proceedings of the 21st Annual Computer Security Applications
    Conference (ACSAC)},
  PAGES = {276--285},
  MONTH = dec,
  YEAR = 2005,
}

% VMWare
@INPROCEEDINGS{svl01,
  AUTHOR = {J. Sugerman and G. Venkitachalam and B.-H. Lim},
  TITLE = {{Virtualizing I/O Devices on VMware Workstation's Hosted Virtual
    Machine Monitor}},
  BOOKTITLE = {Proceedings of the USENIX Annual Technical Conference},
  YEAR = 2001,
}

% Xen
@INPROCEEDINGS{bdf+03,
  AUTHOR = {P. Barham and B. Dragovic and K. Fraser and S. Hand and T. Harris
    and A. Ho and R. Neugebauer and I. Pratt and A. Warfield},
  TITLE = {{Xen and the Art of Virtualization}},
  BOOKTITLE = {Proceedings of the 19th ACM Symposium on Operating Systems
    Principles (SOSP)},
  YEAR = 2003,
}

%% OS Protection Mechansims %%%%%%%%%%%%%%%%%%%%%%%%%%%%%%%%%%%%%%%%%

@INPROCEEDINGS{emj08,
  AUTHOR = {William Enck and Patrick McDaniel and Trent Jaeger},
  TITLE = {{PinUP: Pinning User Files to Known Applications}},
  BOOKTITLE = {Proceedings of the 24th Annual Computer Security Applications
    Conference (ACSAC)},
  MONTH = dec,
  YEAR = 2008,
}

@INPROCEEDINGS{ers+07,
  AUTHOR = {William Enck and Sandra Rueda and Yogesh Sreenivasan and Joshua
    Schiffman and Luke St. Clair and Trent Jaeger and Patrick McDaniel},
  TITLE = {{Protecting Users from "Themselves"}},
  BOOKTITLE = {Proceedings of the 1st ACM Computer Security Architectures Workshop},
  MONTH = nov,
  YEAR = 2007,
}

% Motivating OS Security
@INPROCEEDINGS{lsm+98,
  AUTHOR = {Loscocco, Peter A and Smalley, Stephen D and Muckelbauer, Patrick A and Taylor, Ruth C and Turner, S Jeff and Farrell, John F},
  TITLE = {{The inevitability of failure: The flawed assumption of security in modern computing environments}},
  BOOKTITLE = {Proceedings of the 21st National Information Systems Security Conference},
  VOLUME = {10},
  PAGES = {303--314},
  MONTH = oct,
  YEAR = 1998,
}

% LSM
@INPROCEEDINGS{wcs+02,
  AUTHOR = {Chris Wright and Crispin Cowan and Stephen Smalley and James Morris
    and Greg Kroah-Hartman},
  TITLE = {{Linux Security Modules: General Security Support for the {Linux} Kernel}},
  BOOKTITLE = {Proceedings of the 11th USENIX Security Symposium},
  MONTH = aug,
  YEAR = 2002,
}

% MultiLSM patch
@MISC{sch13,
  AUTHOR={Casey Schaufler},
  TITLE={{LSM: Multiple concurrent LSMs}},
  HOWPUBLISHED={\url{https://lkml.org/lkml/2013/7/25/482}},
  YEAR=2013,
}


@MISC{selinux,
  AUTHOR = {{National Security Agency}},
  TITLE = {{Security-Enhanced {Linux} ({SELinux})}},
  HOWPUBLISHED = {\url{http://www.nsa.gov/selinux}},
}

@INPROCEEDINGS{ssl+99,
  AUTHOR = {Ray Spencer and Stephen Smalley and Peter Loscocco and Mike
      Hibler and David Andersen and Jay Lepreau},
  TITLE = {{The Flask Security Architecture: System Support for Diverse
    Security Policies}},
  BOOKTITLE = {Proceedings of the 8th USENIX Security Symposium},
  PAGES = {123--139},
  MONTH = aug,
  YEAR = 1999,
}
	
%% apparmor
@MISC{apparmor,
  AUTHOR = {Novell},
  TITLE = {{AppArmor Application Security for Linux}},
  HOWPUBLISHED = {\url{http://www.novell.com/linux/security/apparmor/}},
}

%% LIDS
@MISC{lids,
  KEY = {LIDS},
  TITLE = {{Linux Intrusion Detection System (LIDS)}},
  HOWPUBLISHED = {\url{http://www.lids.org}},
}

@MISC{parador,
  AUTHOR = {{Serial Scientific International}},
  TITLE = {{Parador File Protection}},
  HOWPUBLISHED = {\url{http://e-securion.com/files/products/sw_parador_pe/brochure/PARADOR_brochure.pdf}},
  YEAR = 2004,
}

@INPROCEEDINGS{bbs95,
  AUTHOR = {Andrew Berman and Virgil Bourassa and Erik Selberg},
  TITLE = {{TRON: Process-Specific File Protection for the UNIX
    Operating System}},
  BOOKTITLE = {Proceedings of the USENIX Technical Conference},
  PAGES = {165--175},
  YEAR = 1995,
}

@INPROCEEDINGS{wco+90,
  AUTHOR = {D.R. Wichers and D.M. Cook and R.A. Olsson and J.
    Crossley and P. Kerchen and K. Levitt and R. Lo},
  TITLE = {{PACL's: An Access Control List Approach to Anti-viral
    Security}},
  BOOKTITLE = {Proceedings of the 13th National Computer Security 
    Conference},
  PAGES = {340--349},
  MONTH = oct,
  YEAR = 1990
}

% precursor to AppArmor
@INPROCEEDINGS{cbk+00,
  AUTHOR = {Crispin Cowan and Steve Beattie and Greg Kroah-Hartman and Calton
    Pu and Perry Wagle and Virgil Gligor},
  TITLE = {{SubDomain: Parsimonious Server Security}},
  BOOKTITLE = {Proceedings of the 14th USENIX conference on System administration},
  MONTH = dec,
  YEAR = 2000,
}

%% janus
@INPROCEEDINGS{gwtb96,
    AUTHOR = {Ian Goldberg and David Wagner and Randi Thomas and Eric Brewer},
    TITLE = {{A Secure Environment for Untrusted Helper Applications: Confining
      the Wily Hacker}},
    BOOKTITLE = {Proceedings of the USENIX Security Symposium},
    YEAR = 1996,
    PAGES = {},
}

% one of the original sandboxing papers (cannot find this one)
@INPROCEEDINGS{lg88,
  AUTHOR = {Nick Lai and Terence Gray},
  TITLE = {{Strengthening Discresionary Access Controls to Inhibit Trojan Horses and Computer Viruses}},
  BOOKTITLE = {Proceedings of the 1988 USENIX Summer Symposium},
  PAGES = {275--286},
  MONTH = jun,
  YEAR = 1988,
}

@INPROCEEDINGS{ar00,
  AUTHOR = {Anurag Acharya and Mandar Raje},
  TITLE = {{MAPbox: Using Parameterized Behavior Classes to Confine Untrusted
    Applications}},
  BOOKTITLE = {Proceedings of the 9th USENIX Security Symposium},
  MONTH = aug,
  YEAR = 2000,
}

@INPROCEEDINGS{eac98,
  AUTHOR = {Guy Edjlali and Anurag Acharya and Vipin Chaudhary},
  TITLE = {{History-based Access Control for Mobile Code}},
  BOOKTITLE = {Proceedings of the 5th ACM Conference on Computer and
    Communications Security (CCS)},
  YEAR = 1998,
  PAGES = {38--48},
}

@INPROCEEDINGS{ps01,
  AUTHOR = {Vassilis Prevelakis and Diomidis Spinellis},
  TITLE = {{Sandboxing Applications}},
  BOOKTITLE = {Proceedings of the FREENIX Track: 2001 USENIX Annual Technical
    Conference},
  MONTH = jun,
  YEAR = 2001,
  PAGES = {119--126},
}

% file ACLs (could not find copy of this)
@INPROCEEDINGS{fa88,
  AUTHOR = {G. Fernandez and L. Allen},
  TITLE = {{Extending the Unix Protection Model with Access Control Lists}},
  BOOKTITLE = {Proceedings of the USENIX Summer Symposium},
  YEAR = 1988,
  PAGES = {119--132},
}

@INPROCEEDINGS{fbf99,
  AUTHOR = {Timothy Fraser and Lee Badger and Mark Feldman},
  TITLE = {{Hardening COTS Software with Generic Software Wrappers}},
  BOOKTITLE = {Proceedings of the IEEE Symposium on Security and Privacy},
  YEAR = 1999,
  PAGES = {2--16},
}

%  uses file types to make decisions (cannot find this one) -- ieeexplore only goes back to '88
% http://doi.ieeecomputersociety.org/10.1109/SP.1987.10011 ($19)
@INPROCEEDINGS{kar87,
  AUTHOR = {Paul A. Karger},
  TITLE = {{Limiting the Damage Potential of Discretionary Trojan Horses}},
  BOOKTITLE = {Proceedings of the 1987 IEEE Symposium on Security and Privacy},
  YEAR = 1987,
  PAGES = {},
}

@INPROCEEDINGS{kfl94,
  AUTHOR = {Calvin Ko and George Fink and Karl Levitt},
  TITLE = {{Automated Detection of Vulnerabilities in Privileged Programs by
    Execution Monitoring}},
  BOOKTITLE = {Proceedings of the 10th Annual Computer Security Applications
    Conference (ACSAC)},
  PAGES = {134--144},
  YEAR = 1994,
}

@INPROCEEDINGS{shg02,
  AUTHOR = {Matthew Schmid and Frank Hill and Anup Gosh},
  TITLE = {{Protecting Data from Malicious Software}},
  BOOKTITLE = {Proceedings of the 18th Annual Computer Security Applications
    Conference (ACSAC)},
  YEAR = 2002,
  PAGES = {},
}

@MISC{uac,
    AUTHOR = {{Microsoft Corp.}},
    TITLE = {{User Account Control Overview}},
    HOWPUBLISHED = {\url{http://technet.microsoft.com/en-us/windowsvista/aa906021.aspx}},
    MONTH = oct,
    YEAR = 2006,
}

@INPROCEEDINGS{dk06,
  AUTHOR = {Alexander DeWitt and Jasna Kuljis},
  TITLE = {{Aligning Usability and Security: A Usability Study of Polaris}},
  BOOKTITLE = {Proceedings of the Symposium On Usable Privacy and Security (SOUPS)},
  PAGES = {1--7},
  YEAR = 2006,
  MONTH = jul,
}

@TECHREPORT{skym04,
  AUTHOR = {Marc Stiegler and Alan Karp and Ka-Ping Yee and Mark Miller},
  TITLE = {{Polaris: Virus Safe Computing for Windows XP}},
  NUMBER = {HPL-2004-221},
  INSTITUTION = {HP Laboratories Palo Alto},
  MONTH = dec,
  YEAR = 2004,
}

@INPROCEEDINGS{ksc09,
  AUTHOR = {Alan H. Karp and Marc Stiegler and Tyler Close},
  TITLE = {{Not One Click for Security}},
  BOOKTITLE = {Proceedings of the Symposium On Usable Privacy and
    Security (SOUPS)},
  YEAR = 2009,
}

@MISC{capdesk,
  KEY = {E and CapDesk},
  TITLE = {{E and CapDesk}},
  HOWPUBLISHED = {\url{http://www.combex.com/tech/edesk.html}},
}

@INPROCEEDINGS{ibs02,
  AUTHOR = {Sotiris Ioannidis and Steven Bellovin and Jonathan Smith},
  TITLE = {{Sub-Operating Systems: A New Approach to Application
    Security}},
  BOOKTITLE = {Proceedings of ACM SIGOPS European workshop},
  PAGES = {108--115},
  YEAR = 2002,
}

@TECHREPORT{sd05,
  AUTHOR = {Phil Snowberger and Douglas Thain},
  TITLE = {{Sub-Identities: Towards Operating System Support for
    Distributed System Security}},
  NUMBER = {2005-18},
  INSTITUTION = {University of Notre Dame, Department of Computer
    Science and Engineering},
  MONTH = oct,
  YEAR = 2005,
}

@INPROCEEDINGS{fhsl96,
  AUTHOR = {Stephanie Forrest and Steven A. Hofmeyer and Anil Somayaji and Thomas A. Longstaff},
  TITLE = {{A Sense of Self for Unix Processes}},
  BOOKTITLE = {Proceedings of the IEEE Symposium on Security and Privacy},
  YEAR = 1996,
}

@INPROCEEDINGS{ws02,
  AUTHOR = {David Wagner and Paolo Soto},
  TITLE = {{Mimicry Attacks on Host-based Intrustion Detection Systems}},
  BOOKTITLE = {Proceedings of the IEEE Symposium on Security and Privacy},
  YEAR = 2002,
}

@INPROCEEDINGS{pfh03,
  AUTHOR = {Provos, Niels and Friedl, Markus and Honeyman, Peter},
  TITLE = {Preventing Privilege Escalation.},
  BOOKTITLE = {Proceedings of the 12th USENIX Security Symposium},
  MONTH = aug,
  YEAR = 2003,
}

@INPROCEEDINGS{pro03,
  AUTHOR = {Niels Provos},
  TITLE = {{Improving Host Security with System Call Policies}},
  BOOKTITLE = {Proceedings of the 12th USENIX Security Symposium},
  PAGES = {257--271},
  MONTH = aug,
  YEAR = 2003,
}

@INPROCEEDINGS{mdk07,
  AUTHOR = {Mark Miller and James Donnelley and Alan Karp},
  TITLE = {{Delegating Responsibility in Digital Systems: Horton's ``Who Done
    It?''}},
  BOOKTITLE = {Proceedings of the 2nd USENIX Workshop on Hot Topics in
    Security},
  MONTH = aug,
  YEAR = 2007,
}

@MISC{plash,
  AUTHOR = {Mark Seaborn},
  TITLE = {Plash},
  HOWPUBLISHED = {\url{http://plash.beasts.org}},
}

%% Capabilities %%%%%%%%%%%%%%%%%%%%%%%%%%%%%%%%%%%%%%%%%%%%%%%%%%%%%

@ARTICLE{wcc+74,
  AUTHOR = {W. Wulf and E. Cohen and W. Corwin and A. Jones and R. Levin
    and C. Pierson and F. Pollack},
  TITLE = {{HYDRA: The Kernel of a Multiprocessor Operating Systems}},
  JOURNAL = {Communications of the ACM},
  VOLUME = 17,
  NUMBER = 6,
  MONTH = jun,
  YEAR = 1974,
}

@INPROCEEDINGS{kh84,
  AUTHOR = {P. A. Karger and A. J. Herbert},
  TITLE = {{An Augmented Capability Architecture to Support Lattice
    Security and Traceability of Access}},
  BOOKTITLE = {Proceedings of the IEEE Symposium on Security and
    Privacy},
  MONTH = may,
  YEAR = 1984,
}

@INPROCEEDINGS{boe84,
  AUTHOR = {W. E. Boebert},
  TITLE = {{On the Inability of an Unmodified Capability Machine to
    Enforce the *-property}},
  BOOKTITLE = {Proceedings of the DoD/NBS Computer Security Conference},
  MONTH = sep,
  YEAR = 1984,
  PAGES = {291--293},
}

@PHDTHESIS{kar88,
  AUTHOR = {P. A. Karger},
  TITLE = {{Improving Security and Performance for Capability Systems}},
  SCHOOL = {University of Cambridge},
  MONTH = oct,
  YEAR = 1988,
}

@PHDTHESIS{sha99,
  AUTHOR = {J. S. Shapiro},
  TITLE = {{EROS: A Capability System}},
  SCHOOL = {University of Pennsylvania},
  YEAR = 1999,
}

%% Policy and Management %%%%%%%%%%%%%%%%%%%%%%%%%%%%%%%%%%%%%%%%%%%%

@INPROCEEDINGS{jez02,
  AUTHOR = {Trent Jaeger and Antony Edwards and Xiaolan Zhang},
  TITLE = {{Managing Access Control Policies Using Access Control Spaces}},
  BOOKTITLE = {Proceedings of the seventh ACM symposium on Access control models and technologies (SACMAT'02)},
  MONTH = jun,
  YEAR = 2002,
  PAGES = {3--12},
}

@INPROCEEDINGS{mcd03,
  AUTHOR = {Patrick McDaniel},
  TITLE = {{On Context in Authorization Policy}},
  BOOKTITLE = {Proceedings of the 8th ACM Symposium on Access Control Models
    and Technologies (SACMAT)},
  PAGES = {80--89},
  YEAR = 2003,
  MONTH = jun,
}

% RBAC
@INPROCEEDINGS{fck95,
  AUTHOR = {David Ferraiolo and Janet Cugini and D. Richard Kuhn},
  TITLE = {{Role-Based Access Control (RBAC): Features and Motivations}},
  BOOKTITLE = {Proceedings of 11th Annual Computer Security Application
    Conference (ACSAC)},
  YEAR = 1995,
}

@INPROCEEDINGS{fk92,
  AUTHOR = {David Ferraiolo and Richard Kuhn},
  TITLE = {{Role-Based Access Control}},
  BOOKTITLE = {Proceedings of 15th National Computer Security Conference},
  YEAR = 1992,
}

% Type Enforcement (TE)
@INPROCEEDINGS{bk85,
  AUTHOR = {W. E. Boebert and R. Y. Kain},
  TITLE = {{A Practical Alternative to Hierarchical Integrity Policies}},
  BOOKTITLE = {Proceedings of the 8th National Computer Security Conference},
  YEAR = 1985,
}

% DTE
@INPROCEEDINGS{bss+95,
  AUTHOR = {Lee Badger and Daniel Sterne and David Sherman and Kenneth Walker
    and Sheila Haghighat},
  TITLE = {{A Domain and Type Enforcement UNIX Prototype}},
  BOOKTITLE = {Proceedings of the Fifth USENIX UNIX Security Symposium},
  MONTH = jun,
  YEAR = 1995,
}

@INPROCEEDINGS{fh97,
  AUTHOR = {Christian Friberg and Achim Held},
  TITLE = {{Support for Discretionary Role Based Access Control in
    ACL-oriented Operating Systems}},
  BOOKTITLE = {Proceedings of the second ACM workshop on Role-based access control},
  PAGES = {83--94},
  YEAR = 1997,
}

@INPROCEEDINGS{jp94,
  AUTHOR = {Trent Jaeger and Atul Prakash},
  TITLE = {{Support for File System Security Requirements of Computational
    {E-Mail} Systems}},
  BOOKTITLE = {Proceedings of the 2nd ACM Conference on Computer and
    Communications Security (CCS)},
  PAGES = {1--9},
  YEAR = 1994,
}

@INPROCEEDINGS{jp95,
  AUTHOR = {Trent Jaeger and Atul Prakash},
  TITLE = {{Implementation of a Discretionary Access Control Model for
    Script-based Systems}},
  BOOKTITLE = {Proceedings of the 8th IEEE Computer Security Foundations
    Workshop},
  PAGES = {70--84},
  YEAR = 1995,
  MONTH = jun,
}

@INPROCEEDINGS{jrp96,
  AUTHOR = {Trent Jaeger and Aviel Rubin and Atul Prakash},
  TITLE = {{Building Systems That Flexibly Control Downloaded Executable
    Content}},
  BOOKTITLE = {Proceedings of the 6th USENIX UNIX Security Symposium},
  PAGES = {131--148},
  MONTH = jul,
  YEAR = 1996,
}

@INPROCEEDINGS{jgil97,
  AUTHOR = {Trent Jaeger and Frederique Giraud and Nayeem Islam and Jochen Liedtke},
  TITLE = {{A Role-based Access Control Model for Protection Domain Derivation
    and Management}},
  BOOKTITLE = {Proceedings of the second ACM workshop on Role-based access
    control},
  PAGES = {95--106},
  YEAR = 1997,
}

@INPROCEEDINGS{lt05,
  AUTHOR = {Ninghui Li and Mahesh Tripunitara},
  TITLE = {{On Safety in Discretionary Access Control}},
  BOOKTITLE = {Proceedings of the IEEE Symposium on Security and Privacy},
  PAGES = {96--109},
  MONTH = may,
  YEAR = 2005,
}

@INPROCEEDINGS{ss04,
  AUTHOR = {Jon Solworth and Robert Sloan},
  TITLE = {{A Layered Design of Discretionary Access Controls with Decidable
    Safety Properties}},
  BOOKTITLE = {Proceedings of the IEEE Symposium on Security and Privacy},
  PAGES = {56--67},
  MONTH = may,
  YEAR = 2004,
}

@ARTICLE{hru76,
  AUTHOR = {Michael Harrison and Walter Ruzzo and Jeffrey Ullman},
  TITLE = {{Protection in Operating Systems}},
  JOURNAL = {Communications of the ACM},
  PAGES = {461--471},
  VOLUME = 19,
  NUMBER = 8,
  MONTH = aug,
  YEAR = 1976,
}

@ARTICLE{osm00,
  AUTHOR = {Sylvia Osborn and Ravi Sandhu and Qamar Munawer},
  TITLE = {{Configuring Role-Based Access Control to Enforce Mandatory and
    Discretionary Access Control Policies}},
  JOURNAL = {ACM Transactions on Information and System Security},
  VOLUME = 3,
  NUMBER = 2,
  MONTH = may,
  YEAR = 2000,
  PAGES = {85--106},
}

@INPROCEEDINGS{san92,
  AUTHOR = {Ravi Sandhu},
  TITLE = {{The Typed Access Matrix Model}},
  BOOKTITLE = {Proceedings of the IEEE Symposium on Security and Privacy},
  MONTH = may,
  YEAR = 1992,
  PAGES = {122--136},
}

@INPROCEEDINGS{tj00,
  AUTHOR = {Jonathon Tidswell and Trent Jaeger},
  TITLE = {{Integrated Constraints and Inheritance in DTAC}},
  BOOKTITLE = {Proceedings of the fifth ACM workshop on Role-based access control},
  MONTH = jul,
  YEAR = 2000,
  PAGES = {93--102},
}

@INPROCEEDINGS{gm82,
  AUTHOR = {J. A. Goguen and J. Meseguer},
  TITLE = {{Security Policies and Security Models}},
  BOOKTITLE = {Proceedings of the IEEE Symposium on Security and
    Privacy},
  YEAR = {1982},
}

%% Information Flow Control %%%%%%%%%%%%%%%%%%%%%%%%%%%%%%%%%%%%%%%%%

@ARTICLE{den76,
  AUTHOR = {Dorothy E. Denning},
  TITLE = {{A Lattice Model of Secure Information Flow}},
  JOURNAL = {Communications of the ACM},
  VOLUME = 19,
  NUMBER = 5,
  MONTH = may,
  YEAR = 1976,
}

% Gat and Sal: RESET Solution for implicit flow due to floating labels in code.
@ARTICLE{gs76,
  AUTHOR={Gat, Israel and Saal, Harry J},
  TITLE={{Memoryless execution: a programmer's viewpoint}},
  JOURNAL={Software: Practice and Experience},
  VOLUME={6},
  NUMBER={4},
  PAGES={463--471},
  YEAR={1976},
}

% Fenton: RESET Solution for implicit flow due to floating labels in code.
@PHDTHESIS{fen73,
  AUTHOR={Fenton, Jeffrey Stewart},
  TITLE={{Information Protection Systems.}},
  YEAR={1973},
  SCHOOL={University of Cambridge}
}

%% IX
@ARTICLE{mr92,
  AUTHOR = {McIlroy, M. Douglas and Reeds, James A.},
  TITLE = {{Multilevel security in the UNIX tradition}},
  JOURNAL = {Software: Practice and Experience},
  YEAR = 1992,
}

@TECHREPORT{bl73,
  AUTHOR = {D. E. Bell and L. J. LaPadula},
  TITLE = {{Secure Computer Systems: Mathematical Foundations}},
  ADDRESS = {Bedford, MA},
  INSTITUTION = {MITRE Corp.},
  NUMBER = {MTR-2547, Vol. 1},
  YEAR = 1973,
}

% LaPadula's reconstruction of bl73, highlights tranquility
% Just for reference, always cite bl73
@TECHREPORT{lapadula1996secure,
  AUTHOR={LaPadula, Leonard J and Bell, D Elliot},
  TITLE={{Secure computer systems: A mathematical model}},
  YEAR={1996},
  INSTITUTION={Technical Report 2547}
}

@TECHREPORT{bl76,
  AUTHOR = {D. E. Bell and L. J. LaPadula},        
  TITLE = {{Secure Computer System: {Unified} Exposition and {Multics}
    Interpretation}},        
  INSTITUTION = {Deputy for Command and Management Systems, HQ Electronic
    Systems Division (AFSC)},        
  ADDRESS = {L. G. Hanscom Field, Bedford, MA}, 
  NUMBER = {ESD-TR-75-306},        
  MONTH = mar,
  YEAR = 1976,
}

% Biba
@TECHREPORT{bib77,
  AUTHOR = {K. J. Biba},
  TITLE = {{Integrity Considerations for Secure Computer Systems}},
  INSTITUTION = {MITRE},
  NUMBER = {MTR-3153},
  MONTH = apr,
  YEAR = 1977,
}

% Clark Wilson
@INPROCEEDINGS{cw87,
  AUTHOR = {D. D. Clark and D. Wilson},
  TITLE = {{A Comparison of Military and Commercial Security Policies}},
  BOOKTITLE = {Proceedings IEEE Symposium on Security and Privacy},
  MONTH = may,
  YEAR = 1987,
}

% CW-lite
@INPROCEEDINGS{sjs06,
  AUTHOR = {U. Shankar and T. Jaeger and R. Sailer},
  TITLE = {{Toward Automated Information-Flow Integrity Verification for
    Security-Critical Applications}},
  BOOKTITLE = {Proceedings of the ISOC Network and Distributed Systems Security
    Symposium (NDSS)},
  YEAR = 2006,
}

% UMIP
@INPROCEEDINGS{lmc07,
  AUTHOR = {Ninghui Li and Ziqing Mao and Hong Chen},
  TITLE = {{Usable Mandatory Integrity Protection for Operating Systems}},
  BOOKTITLE = {Proceedings of the IEEE Symposium on Security and Privacy},
  MONTH = may,
  YEAR = 2007,
  PAGES = {164--178},
}

% PPI
@INPROCEEDINGS{ssp+08,
  AUTHOR = {W. Sun and R. Sekar and G. Poothia and T. Karandikar},
  TITLE = {{Practical Proactive Integrity Protection: A Basis for Malware Defense}},
  BOOKTITLE = {{Proceedings of the IEEE Symposium on Security and Privacy}},
  YEAR = 2008,
}

% Asbestos
@INPROCEEDINGS{ekv+05,
  AUTHOR={Efstathopoulos, Petros and Krohn, Maxwell and VanDeBogart, Steve and Frey, Cliff and Ziegler, David and Kohler, Eddie and Mazieres, David and Kaashoek, Frans and Morris, Robert},
  TITLE={{Labels and event processes in the Asbestos operating system}},
  BOOKTITLE = {Proceedings of the Twentieth ACM Symposium on Operating Systems Principles},
  VOLUME={39},
  NUMBER={5},
  PAGES={17--30},
  YEAR={2005},
}

@ARTICLE{vek+07,
  AUTHOR = {Steve Vandebogart and Petros Efstathopoulos and Eddie Kohler and Maxwell Krohn and Cliff Frey and David Ziegler and Frans Kaashoek and Robert Morris and David Mazi\`{e}res},
  TITLE = {{Labels and Event Processes in the Asbestos Operating System}},
  JOURNAL = {ACM Transactions on Computer Systems (TOCS)},
  VOLUME = {25},
  NUMBER = {4},
  MONTH = {December},
  YEAR = {2007},
}

% HiStar
@INPROCEEDINGS{zbkm06,
  AUTHOR = {Nickolai Zeldovich and Silas Boyd-Wickizer and Eddie Kohler and
    David Mazi\`{e}res},
  TITLE = {{Making Information Flow Explicit in HiStar}},
  BOOKTITLE = {Proceedings of the 7th symposium on Operating Systems
    Design and Implementation (OSDI)},
  PAGES = {263--278},
  YEAR = {2006},
}

% DStar
@INPROCEEDINGS{zbm08,
  AUTHOR = {Nickolai Zeldovich and Silas Boyd-Wickizer and David Mazieres},
  TITLE = {{Securing Distributed Systems with Information Flow Control}},
  BOOKTITLE = {Proceedings of the USENIX Symposium on Networked Systems Design and Implementation},
  YEAR = 2008,
}

% Flume
@INPROCEEDINGS{kyb+07,
  AUTHOR = {Maxwell Krohn and Alexander Yip and Micah Brodsky and Natan
    Cliffer and M. Frans Kaashoek and Eddie Kohler and Robert Morris},
  TITLE = {{Information Flow Control for Standard OS Abstractions}},
  BOOKTITLE = {Proceedings of ACM Symposium on
    Operating Systems Principles (SOSP)},
  PAGES = {321--334},
  MONTH = oct,
  YEAR = 2007,
}

% Flume Noninterference
@INPROCEEDINGS{kt09,
  AUTHOR = {Maxwell Krohn and Eran Tromer},
  TITLE = {{Noninterference for a Practical DIFC-Based Operating
    System}},
  BOOKTITLE = {Proceedings of the IEEE Symposium on Security and
    Privacy},
  PAGES = {61-76},
  MONTH = may,
  YEAR = 2009,
}

% Laminar TOPLAS
@INPROCEEDINGS{rpb+09,
  AUTHOR = {Indrajit Roy and Donald E. Porter and Michael D. Bond and Kathryn S. McKinley and Emmett Witchel},
  TITLE = {{Laminar: Practical Fine-Grained Decentralized Information Flow Control}},
  BOOKTITLE = {Proceedings of the Conference on Programming Language Design and Implementation (PLDI)},
  MONTH = jun,
  YEAR = 2009,
}
@ARTICLE{pbr+15,
  AUTHOR = {Porter, Donald E. and Bond, Michael D. and Roy, Indrajit and Mckinley, Kathryn S. and Witchel, Emmett},
  TITLE = {{Practical Fine-Grained Information Flow Control Using Laminar}},
  JOURNAL = {ACM Transactions on Programming Languages and Systems (TOPLAS)},
  VOLUME = {37},
  NUMBER = {1},
  PAGES = {4},
  YEAR = 2015,
}

% DC Labels
@INPROCEEDINGS{srmm11,
  AUTHOR = {Deian Stefan and Alejandro Russo and David Mazieres and John C. Mitchell},
  TITLE = {{Disjunctive Category Labels}},
  BOOKTITLE = {Proceedings of NordSec},
  YEAR = 2011,
}

% DLM Myers
@INPROCEEDINGS{ml97,
  AUTHOR = {Andrew C. Myers and Barbara Liskov},
  TITLE = {{A Decentralized Model for Information Flow Control}},
  BOOKTITLE = {Proceedings of the ACM Symposium on Operating Systems
    Principles (SOSP)},
  MONTH = oct,
  YEAR = 1997,
}

% Jif
@ARTICLE{ml00,
  AUTHOR = {Andrew C. Myers and Barbara Liskov},
  TITLE = {{Protecting Privacy Using the Decentralized Label Model}},
  JOURNAL = {ACM Transactions on Software Engineering and Methodology},
  VOLUME = {9},
  NUMBER = {4},
  MONTH = {October},
  YEAR = {2000},
  PAGES = {410--442},
}

% JFlow
@INPROCEEDINGS{mye99,
  AUTHOR = {Andrew C. Myers},
  TITLE = {{JFlow: Practical Mostly-Static Information Flow Control}},
  BOOKTITLE = {Proceedings of the ACM Symposium on Principles of
    Programming Langauges (POPL)},
  MONTH = {January},
  YEAR = {1999},
}

@ARTICLE{nad12,
  AUTHOR = {Nadkarni, Adwait Pravin},
  TITLE = {{Workflow Based Information Flow Control (IFC) in Modern Operating Systems.}},
  YEAR= {2012},
  SCHOOL = {North Carolina State University},
}

@PHDTHESIS{nad17,
  AUTHOR = {Nadkarni, Adwait Pravin},
  TITLE = {{Towards Practical Data Secrecy in Modern Operating Systems}},
  YEAR= {2017},
  SCHOOL = {North Carolina State University},
}

% IFC enforcement
@INPROCEEDINGS{srmm11b,
  AUTHOR = {Stefan, Deian and Russo, Alejandro and Mitchell, John C. and Mazi\`{e}res, David},
  TITLE = {{Flexible Dynamic Information Flow Control in Haskell}},
  BOOKTITLE = {Proceedings of the 4th ACM Symposium on Haskell},
  YEAR = {2011},
}

@INPROCEEDINGS{ssy+15,
  AUTHOR = {Stefan, Heule and Stefan, Deian and Yang, Edward Z and Russo, Alejandro and Mitchell, John C},
  TITLE = {{IFC Inside: Retrofitting Languages with Dynamic Information Flow Control}},
  BOOKTITLE = {Proceedings of the 4th Conference on Principles of Security and Trust (POST 2015)},
  YEAR = {2015},
}

% Jeeves
@INPROCEEDINGS{yys12,
  AUTHOR = {Yang, Jean and Yessenov, Kuat and Solar-Lezama, Armando},
  TITLE = {{A Language for Automatically Enforcing Privacy Policies}},
  BOOKTITLE = {Proceedings of the 39th Annual ACM SIGPLAN-SIGACT Symposium on Principles of Programming Languages},
  YEAR = {2012},
}

% Jacqueline
@ARTICLE{yha+15,
  AUTHOR = {Yang, Jean and Hance, Travis and Austin, Thomas H and Solar-Lezama, Armando and Flanagan, Cormac and Chong, Stephen},
  TITLE = {{End-To-End Policy-Agnostic Security for Database-Backed Applications}},
  JOURNAL = {arXiv preprint arXiv:1507.03513},
  YEAR = {2015}
}

% DIFC Policy Specification
@INPROCEEDINGS{hjr10,
  AUTHOR = {Harris, William R and Jha, Somesh and Reps, Thomas},
  TITLE = {{DIFC programs by automatic instrumentation}},
  BOOKTITLE = {Proceedings of the 17th ACM conference on Computer and communications security},
  PAGES = {284--296},
  MONTH = oct,
  YEAR= 2010,
}

%% SECURE_MULTIEXECUTION

@INPROCEEDINGS{dp10,
  AUTHOR = {Devriese, Dominique and Piessens, Frank},
  TITLE = {{Noninterference through secure multi-execution}},
  BOOKTITLE = {Proceedings of the 31st IEEE Symposium on Security and Privacy},
  YEAR = {2010},
  MONTH = may,
}

%% Web IFC (Sometimes DIFC)
% COWL
@INPROCEEDINGS{sym+14,
  AUTHOR = {Deian Stefan and Edward Z. Yang and Petr Marchenko and Alejandro Russo and Dave Herman and Brad Karp and David Mazi{\`e}res},
  TITLE = {{Protecting Users by Confining JavaScript with COWL}},
  BOOKTITLE = {Proceedings of the 11th USENIX Symposium on Operating Systems Design and Implementation (OSDI 14)},
  YEAR = {2014},
  MONTH = oct,
}

% Hails
@INPROCEEDINGS{gls+12,
  AUTHOR = {Daniel B. Giffin and Amit Levy and Deian Stefan and David Terei and David Mazi{\`e}res and John C. Mitchell and Alejandro Russo},
  TITLE = {{Hails: Protecting Data Privacy in Untrusted Web Applications}},
  BOOKTITLE = {Presented as part of the 10th USENIX Symposium on Operating Systems Design and Implementation (OSDI 12)},
  YEAR = {2012},
}

% Chromium DIFC
@INPROCEEDINGS{bcj+15,
  AUTHOR =  {Lujo Bauer and Shaoying Cai and Limin Jia and Timothy Passaro and Michael Stroucken and Yuan Tian},
  TITLE = {{Run-time Monitoring and Formal Analysis of Information Flows in Chromium}},
  BOOKTITLE = {Proceedings of the ISOC Network and Distributed Systems Security Symposium (NDSS)},
  YEAR = 2015,
  MONTH = feb,
}



%% Integrity Measurement %%%%%%%%%%%%%%%%%%%%%%%%%%%%%%%%%%%%%%%%%%%%

@INPROCEEDINGS{szjv04,
  AUTHOR = {Reiner Sailer and Xialan Zhang and Trent Jaeger and Leendert {van Doom}},
  TITLE = {{Design and Implementation of a TCG-based Integrity Measurement Architecture}},
  BOOKTITLE = {Proceedings of the 13th USENIX Security Symposium},
  YEAR = 2004,
}

@MISC{mtm07,
  AUTHOR = {{Trusted Computing Group}},
  TITLE = {{TCG mobile reference architecture specification version 1.0}},
  MONTH = jun,
  YEAR = 2007,
  HOWPUBLISHED =
  {\url{https://www.trustedcomputinggroup.org/specs/mobilephone/tcg-mobile-reference-architecture-1.0.pdf}},
}

%% Modern OS %%%%%%%%%%%%%%%%%%%%%%%%%%%%%%%%%%%%%%%%%%%%%%%%%%%%%%%%

@INPROCEEDINGS{rkm+12,
  AUTHOR = {Franziska Roesner and Tadayoshi Kohno and Alexander Moshchuk and
    Bryan Parno and Helen J. Wang and Crispin Cowan},
  TITLE = {{User-Driven Access Control: Rethinking Permission Granting in
    Modern Operating Systems}},
  BOOKTITLE = {Proceedings of the IEEE Symposium on Security and Privacy},
  YEAR = 2012,
}

@INPROCEEDINGS{wfhj07,
  AUTHOR = {Helen J. Wang and Xiaofeng Fan and Jon Howell and Collin Jackson},
  TITLE = {{Protection and Communication Abstractions for Web Browsers in MashupOS}},
  BOOKTITLE = {Proceedings of the ACM Symposium on Operating Systems Principles (SOSP)},
  YEAR = 2007,
}

@INPROCEEDINGS{wgm+09,
  AUTHOR = {Helen J. Wang and Chris Grier and Alexander Moshchuk and Samuel T.
    King and Piali Choudhury and Herman Venter},
  TITLE = {{The Multi-Principle OS Construction of the Gazelle Web Browser}},
  BOOKTITLE = {Proceedings of the USENIX Security Symposium},
  YEAR = 2009,
}

%% Trusted Window Systems %%%%%%%%%%%%%%%%%%%%%%%%%%%%%%%%%%%%%%%%%%%

% CMW
@INPROCEEDINGS{cfg+87,
  AUTHOR = {Paul T. Cummings and D. A. Fullam and M. J. Goldstein and M. J.
                Gosselin and Jeffrey Picciotto and John PL Woodward and J. Wynn.},
  TITLE = {{Compartimented Mode Workstation: Results Through Prototyping}},
  BOOKTITLE = {In the IEEE Symposium on Security and Privacy},
  MONTH = apr,
  YEAR = 1987,
}
@ARTICLE{bpw+90,
  AUTHOR = {Jeffery L. Berger and Jeffrey Picciotto and John P. L. Woodward
  and Paul T. Cummings},
  TITLE = {{Compartmented mode workstation: Prototype highlights}},
  JOURNAL = {Software Engineering, IEEE Transactions on},
  VOLUME ={16},
  NUMBER ={6},
  PAGES ={608--618},
  YEAR = 1990,
  PUBLISHER ={IEEE},
}

% X Window
@INPROCEEDINGS{jp91,
  AUTHOR = {Jeffrey Picciotto},
  TITLE = {{Towards trusted cut and paste in the X Window System}},
  BOOKTITLE = {Proceedings of the Seventh Annual Computer Security Applications Conference},
  YEAR = {1991},
  PAGES={34--43},
  ORGANIZATION = {IEEE},
}

% EROS
@INPROCEEDINGS{svn+04,
  AUTHOR = {Jonathan S Shapiro and John Vanderburgh and Eric Northup and David Chizmadia},
  TITLE = {{Design of the EROS trusted window system}},
  BOOKTITLE = {Proceedings of the 13th conference on USENIX Security Symposium-Volume 13},
  YEAR = {2004},
  VOLUME = {13},
  PAGES={12--12},
  ORGANIZATION = {USENIX Association},
}

%% Language-based DIFC
%% SIF
@INPROCEEDINGS{cvm07,
  AUTHOR={Chong, Stephen and Vikram, Krishnaprasad and Myers, Andrew C},
  TITLE={{SIF: Enforcing Confidentiality and Integrity in Web Applications.}},
  booktitle={The 16th USENIX Security Symposium},
  year={2007}
}

%% Other %%%%%%%%%%%%%%%%%%%%%%%%%%%%%%%%%%%%%%%%%%%%%%%%%%%%%%%%%%%%

@INPROCEEDINGS{lgv+09,
  AUTHOR = {Jed Liu and Michael D. George and K. Vikram and Xin Qi and Lucas
    Waye and Andrew C. Myers},
  TITLE = {{Fabric: A Platform for Secure Distributed Computation and Storage}},
  BOOKTITLE = {Proceedings of the ACM Symposium on Operating Systems Principles (SOSP)},
  YEAR = 2009,
}


% Mobile Fabric
@INPROCEEDINGS{agl+12,
  AUTHOR = {Owen Arden and Michael D. George and Jed Liu and K. Vikram and
    Aslan Askarov and Andrew C. Myers},
  TITLE = {{Sharing Mobile Code Securely With Information Flow Control}},
  BOOKTITLE = {Proceedings of the IEEE Symposium on Security and Privacy},
  YEAR = 2012,
}

% Resin
@INPROCEEDINGS{ywz+09,
  AUTHOR = {Alexander Yip and Xi Wang and Nickolai Zeldovich and M Frans
	  Kaashoek},
  TITLE = {{Improving application security with data flow assertions}},
  BOOKTITLE = {Proceedings of the ACM SIGOPS 22nd symposium on Operating
	  systems principles},
  YEAR = 2009,
}

% liquid machines company profile
@MISC{liquidmach,
  AUTHOR = {Business Week},
  TITLE = {{Company Overview of Liquid Machines, Inc.}},
  HOWPUBLISHED =
  {\url{http://investing.businessweek.com/research/stocks/private/snapshot.asp?privcapId=3079632}},
}

@INPROCEEDINGS{ai10,
  AUTHOR = {Adam Chlipala and Impredicative, LLC},
  TITLE = {{Static Checking of Dynamically-Varying Security Policies in
  Database-Backed Applications}},
  BOOKTITLE = {Proceedings of the 9th Symposium on Operating Systems Design
  and Implementation, Vancouver, Canada},
  YEAR = 2010,
}

@PHDTHESIS{erl04,
  AUTHOR = {Erlingsson, {\'U}lfar},
  TITLE = {{The Inlined Reference Monitor Approach to Security Policy Enforcement}},
  YEAR = 2004,
  SCHOOL = {Cornell University}
}

%% Solaris Containers: FS polyinstantiation
@ARTICLE{ls05,
  AUTHOR = {Lageman, Menno and Solutions, Sun Client},
  TITLE = {{Solaris Containers-What They Are and How to Use Them}},
  JOURNAL = {Sun BluePrints OnLine},
  YEAR = 2005,
}

% Linux Containers (LXC)
@ARTICLE{hel09,
  AUTHOR={Helsley, Matt},
  TITLE = {{LXC: Linux container tools}},
  JOURNAL = {IBM devloperWorks Technical Library},
  YEAR = 2009,
}

@ARTICLE{mer14,
  AUTHOR = {Merkel, Dirk},
  TITLE={{Docker: lightweight linux containers for consistent development and deployment}},
  JOURNAL = {Linux Journal},
  VOLUME = {2014},
  NUMBER = {239},
  PAGES = {2},
  YEAR = 2014,
}

% DarpaBrowser
@TECHREPORT{mm02,
  AUTHOR = {Stiegler, Marc and Miller, Mark},
  TITLE = {{A Capability Based Client: The DarpaBrowser}},
  HOWPUBLISHED = {\url{http://www.combex.com/papers/darpa-report/html/}},
  MONTH = jun,
  YEAR = 2002,
}

% Watson: OS Access Control Extensibility
@ARTICLE{wat13,
  TITLE = {{A Decade of OS Access-Control Extensibility}},
  AUTHOR = {Robert N. M. Watson},
  JOURNAL = {Communications of the ACM},
  VOLUME = 56,
  NUMBER = 2,
  MONTH = feb,
  YEAR = 2013,
}

%% Policy Reconciliation
@INPROCEEDINGS{rj09,
  AUTHOR = {Rao, Vikhyath and Jaeger, Trent},
  TITLE = {{Dynamic Mandatory Access Control for Multiple Stakeholders}},
  BOOKTITLE = {Proceedings of the 14th ACM Symposium on Access Control Models and Technologies},
  MONTH = jun,
  YEAR = {2009},
}

@ARTICLE{mp06,
  AUTHOR={McDaniel, Patrick and Prakash, Atul},
  TITLE={{Methods and Limitations of Security Policy Reconciliation}},
  JOURNAL={ACM Transactions on Information and System Security (TISSEC)},
  VOLUME={9},
  NUMBER={3},
  YEAR={2006},
}

%% File System
% BTRFS
@ARTICLE{rbm13,
  AUTHOR = {Rodeh, Ohad and Bacik, Josef and Mason, Chris},
  TITLE = {{BTRFS: The Linux B-Tree Filesystem}},
  JOURNAL = {ACM Transactions on Storage (TOS)},
  YEAR = {2013},
  MONTH = aug,
}

% Overlayfs
@MISC{overlayfs,
  AUTHOR = {{Neil Brown}},
  TITLE = {{Overlay Filesystem}},
  HOWPUBLISHED = {\url{https://www.kernel.org/doc/Documentation/filesystems/overlayfs.txt}},
  NOTE = {Accessed on June 8, 2017}
}

% Overlayfs Scalability
@MISC{ede14,
  AUTHOR = {{Jeremy Eder}},
  TITLE = {{Comprehensive Overview of Storage Scalability in Docker}},
  HOWPUBLISHED = {\url{https://developerblog.redhat.com/2014/09/30/overview-storage-scalability-docker/}},
  YEAR = 2014,
}

% SELinux/OverlayFS Integration
@MISC{wal15,
  AUTHOR={Daniel Walsh},
  TITLE={{SELinux/OverlayFS integration}},
  HOWPUBLISHED={\url{https://twitter.com/rhatdan/status/588338475084029953}},
  YEAR=2015,
}

@MISC{setodo,
  AUTHOR={SELinux Developers},
  TITLE={{SELinux Kernel ToDo}},
  HOWPUBLISHED={\url{https://github.com/SELinuxProject/selinux/wiki/Kernel-Todo}},
  YEAR=2015,
}

