% Tags used in this .bib:
% - NLP = Natural Langauge Processing
% - OEM = considers OEM devices and characteristics
% - IRM = proposes a form of Inline Reference Monitor
% - study = has a study of some sort, e.g., app study, user study, etc.
% - malware = either studies malware or propose a technique to detect it
% - privacy = considers user privacy
% - usability = considers users or usability in a nontrivial way
% - testing = considers automatic dynamic testing of applications

% Notes (Search for "TODO")
% - Preprint journal articles may need updating

% SoK
@INPROCEEDINGS{androidsok:sp16, 
  TITLE = {{SoK: Lessons Learned From Android Security Research For Appified Software Platforms}}, 
  AUTHOR = {Yasemin Acar and Michael Backes and Sven Bugiel and Sascha Fahl and Patrick McDaniel and Matthew Smith}, 
  BOOKTITLE = {37th IEEE Symposium on Security and Privacy (SP'16)}, 
  YEAR = {2016}, 
} 

%-- Pre 2004 ----------------------------------------------------------

@ARTICLE{sm97,
  AUTHOR = {Didier Samfat and Refik Molva},
  TITLE = {{IDAMN: An Intrustion Detection Architecture for Mobile Networks}},
  JOURNAL = {IEEE Journal on Selected Areas in Communications},
  VOLUME = 15,
  NUMBER = 7,
  MONTH = sep,
  YEAR = 1997,
}

%-- 2004 --------------------------------------------------------------

@INPROCEEDINGS{jd04,
  AUTHOR = {Grant A. Jacoby and Nathaniel J. Davis},
  TITLE = {{Battery-Based Intrusion Detection}},
  BOOKTITLE = {Proceedings of the IEEE Global Telecommunications Conference
    (GLOBECOM)},
  MONTH = jan,
  YEAR = 2004,
}

@ARTICLE{dms04,
  AUTHOR = {David Dagon and Tom Martin and Thad Starner},
  TITLE = {{Mobile Phones as Computing Devices: The Viruses are Coming!}},
  JOURNAL = {IEEE Pervasive Computing},
  VOLUME = {3},
  NUMBER = {4},
  PAGES = {11--15},
  MONTH = {October-December},
  YEAR = 2004,
}

@INPROCEEDINGS{gwz04,
  AUTHOR = {Chuanxiong Guo and Helen J. Wang and Wenwu Zhu},
  BOOKTITLE = {Proceedings of the 3rd Workshop on Hot Topics in Networks
    (HotNets)},
  TITLE = {{Smart-Phone Attacks and Defenses}},
  YEAR = 2004,
}

@INPROCEEDINGS{jzc04,
  AUTHOR = {Jazilah Jamaluddin and Nikoletta Zotou and Reuben Edwards
    and Paul Coulton},
  TITLE = {{Mobile Phone Vulnerabilities: A New Generation of Malware}},
  BOOKTITLE= {Proceedings of the IEEE International Symposium on
    Consumer Electronics},
  MONTH = sep,
  YEAR = 2004,
  PAGES = {199--202},
}

%-- 2005 --------------------------------------------------------------

@INPROCEEDINGS{etml05,
  AUTHOR = {William Enck and Patrick Traynor and Patrick McDaniel and
  Thomas {La Porta}},
  TITLE = {{Exploiting Open Functionality in SMS-Capable Cellular Networks}},
  BOOKTITLE = {Proceedings of the 12th ACM Conference on Computer and Communications
  Security (CCS)},
  ADDRESS = {Alexandria, VA},
  MONTH = nov,
  YEAR = 2005,
  PAGES = {393--404},
}

@INPROCEEDINGS{nmhh05,
  AUTHOR = {Daniel C. Nash and Thomas L. Martin and Dong S. Ha and Michael S.
    Hsiao},
  TITLE = {{Towards an Intrustion Detection System for Battery Exhaustion
    Attacks on Mobile Computing Devices}},
  BOOKTITLE = {Proceedings of the 3rd International Conference on Pervasive
    Computing and Communications Workshops (PerCom Workshops)},
  YEAR = 2005,
}

%-- 2006 --------------------------------------------------------------

@INPROCEEDINGS{teml06,
  AUTHOR = {Patrick Traynor and William Enck and Patrick McDaniel and
  Tom La Porta},
  TITLE = {Mitigating Attacks on Open Functionality in SMS-Capable
  Cellular Networks},
  BOOKTITLE={Proceedings of the ACM Annual International
  Conference on Mobile Computing and Networking (MobiCom)},
  ADDRESS = {Los Angeles, CA},
  MONTH = sep,
  YEAR = 2006,
}

@INPROCEEDINGS{mvdl06,
  AUTHOR = {Collin Mulliner and Giovanni Vigna and David Dagon and Wenke
    Lee},
  TITLE = {{Using Labeling to Prevent Cross-Service Attacks Against
    Smart Phones}},
  BOOKTITLE = {Proceedings of Detection of Intrusions and Malware \&
    Vulnerability Assessment (DIMVA)},
  YEAR = 2006,
}

@INPROCEEDINGS{mhh06,
  AUTHOR = {Markus Miettinen and Perttu Halonen and Kimmo Hatonen},
  TITLE = {{Host-Based Intrusion Detection for Advanced Mobile Devices}},
  BOOKTITLE = {Proceedings of the 20th International Conference on Advanced
    Information Networking and Applications (AINA)},
  MONTH = apr,
  YEAR = 2006,
}

@INPROCEEDINGS{bs06,
  AUTHOR = {Abhijit Bose and Kang G. Shin},
  TITLE = {{On Mobile Viruses Exploiting Messaging and Bluetooth
    Services}},
  BOOKTITLE = {Proceedings of the International Conference on Security
    and Privacy in Communication Networks (SecureComm)},
  MONTH = aug,
  YEAR = 2006,
  PAGES = {1--10},
}

@ARTICLE{sas06,
  AUTHOR = {Dongwook Shin and Jinyoung Ahn and Choon Shim},
  TITLE = {{Progressive Multi Gray-Leveling: A Voice Spam Protection
    Algorithm}},
  JOURNAL = {IEEE Network},
  VOLUME = {20},
  NUMBER = {5},
  MONTH = {September-October},
  YEAR = {2006},
  PAGES = {18--24},
}

%-- 2007 --------------------------------------------------------------

@INPROCEEDINGS{tml07,
  AUTHOR = {Patrick Traynor and Patrick McDaniel and Thomas {La Porta}},
  TITLE = {{On Attack Causality in Internet-Connected Cellular Networks}},
  BOOKTITLE = {Proceedings of the USENIX Security Symposium},
  MONTH = august,
  YEAR = 2007,
}


@INPROCEEDINGS{zas07,
  AUTHOR = {Xinwen Zhang and Onur Acii{\c c}mez and Jean-Pierre Seifert},
  TITLE = {{A Trusted Mobile Phone Reference Architecture via Secure
    Kernel}},
  BOOKTITLE = {Proceedings of the ACM workshop on Scalable Trusted
    Computing},
  PAGES = {7--14},
  MONTH = nov,
  YEAR = 2007,
}

@INPROCEEDINGS{idc07,
  AUTHOR = {Iulia Ion and Boris Dragovic and Bruno Crispo},
  TITLE = {{Extending the Java Virtual Machine to Enforce Fine-Grained
    Security Policies in Mobile Devices}},
  BOOKTITLE = {Proceedings of the Annual Computer Security Applications
    Conference (ACSAC)},
  MONTH = dec,
  YEAR = 2007,
}

@INPROCEEDINGS{flj+07,
  AUTHOR = {Chris Fleizach and Michael Liljenstam and Per Johansson and
    Geoffrey M. Moelker and Andr\'{a}s M\'{e}hes},
  TITLE = {{Can you Infect Me Now? Malware Propagation in Mobile Phone
    Networks}},
  BOOKTITLE = {Proceedings of the ACM Workshop On Rapid Malcode (WORM)},
  MONTH = nov,
  YEAR = 2007,
  PAGES = {61--68},
}

%-- 2008 --------------------------------------------------------------

@ARTICLE{teml08,
  AUTHOR = {Patrick Traynor and William Enck and Patrick McDaniel and Tom La Porta},
  TITLE = {{Exploiting Open Functionality in SMS-Capable Cellular Networks}},
  JOURNAL = {Journal of Computer Security},
  VOLUME = {16},
  NUMBER = {6},
  MONTH = dec,
  YEAR = 2008,
}

@TECHREPORT{sbs+08,
  AUTHOR = {Aubrey-Derrick Schmidt and Rainer Bye and Hans-Gunther Schmidt and
    Kamer Ali Yuksel and Osman Kiraz and Jan Clausen and Karsten Raddatz
      and Ahmet Camtepe and Sahin Albayrak},
  TITLE = {{Monitoring Android for Collaborative Anomaly Detection: A First
    Architectural Draft}},
  NUMBER = {TUB-DAI 08/08-02},
  INSTITUTION = {DAI-Labor},
  MONTH = aug,
  YEAR = 2008,
}

@INPROCEEDINGS{ssc+08,
  AUTHOR = {Aubrey-Derrick Schmidt and Hans-Gunther Schmidt and Jan Clausen and
    Ahmet Camtepe and Sahin Albayrak},
  TITLE = {{Enhancing Security of Linux-based Android Devices}},
  BOOKTITLE = {Proceedings of the 15th International Linux System Technology
    Conference (Linux-Kongress)},
  YEAR = 2008,
}

% Security by Contract (SxC)
@ARTICLE{djm+08,
  AUTHOR = {Lieven Desmet and Wouter Joosen and Fabio Massacci and
    Pieter Philippaerts and Frank Piessens and Ida Siahaan and Dries
      Vanoverberghe},
  TITLE = {{Security-by-contract on the .NET platform}},
  JOURNAL = {Information Security Technical Report},
  NUMBER = {1},
  PAGES = {25--32},
  PUBLISHER = {Elsevier Advanced Technology Publications},
  VOLUME = {13},
  MONTH = jan,
  YEAR = 2008,
}

@INPROCEEDINGS{mss+08,
  AUTHOR = {Divya Muthukumaran and Anuj Sawani and Joshua Schiffman and
    Brian M. Jung and Trent Jaeger},
  TITLE = {{Measuring Integrity on Mobile Phone Systems}},
  BOOKTITLE = {Proceedings of the ACM Symposium on Access Control Models
    and Technologies (SACMAT)},
  PAGES = {155--164},
  MONTH = jun,
  YEAR = 2008,
}

@INPROCEEDINGS{lsjm08,
  AUTHOR = {Sung-Min Lee and Sang-bum Suh and Bokdeuk Jeong and Sangdok Mo},
  TITLE = {{A Multi-Layer Mandatory Access Control Mechanism for Mobile Devices
    Based on Virtualization}},
  BOOKTITLE = {Proceedings of the 5th IEEE Consumer Communications and
    Networking Conference (CCNC)},
  MONTH = jan,
  YEAR = 2008,
}

@INPROCEEDINGS{win08,
  AUTHOR = {Johannes Winter},
  TITLE = {{Trusted Computing Building Blocks for Embedded Linux-based
    ARM TrustZone Platforms}},
  BOOKTITLE = {Proceedings of the 3rd ACM workshop on Scalable Trusted
    Computing (STC)},
  MONTH = oct,
  YEAR = 2008,
}

@INPROCEEDINGS{ovc+08,
  AUTHOR = {Jon Oberheide and Kaushik Veeraraghavan and Evan Cooke and
    Jason Flinn and Farnam Jahanian},
  TITLE = {{Virtualized In-Cloud Security Services for Mobile Devices}},
  BOOKTITLE = {Proceedings of the 1st Workshop on Virtualization in
    Mobile Computing},
  MONTH = jun,
  YEAR = 2008,
}

@INPROCEEDINGS{kss08,
  AUTHOR = {Hahnsang Kim and Joshua Smith and Kang G. Shin},
  TITLE = {{Detecting Energy-Greedy Anomalies and Mobile Malware Variants}},
  BOOKTITLE = {Proceedings of the 6th International Conference on Mobile
    Systems, Applications, and Services (MobiSys)},
  PAGES = {239--252},
  MONTH = jun,
  YEAR = 2008,
}

@INPROCEEDINGS{lyzc09,
  TITLE={Virusmeter: Preventing your cellphone from spies},
  AUTHOR={Liu, Lei and Yan, Guanhua and Zhang, Xinwen and Chen, Songqing},
  BOOKTITLE={International Workshop on Recent Advances in Intrusion Detection},
  YEAR={2009},
}

@INPROCEEDINGS{bhs08,
  AUTHOR = {Abhijit Bose and Xin Hu and Kang G. Shin and Teojoon Park},
  TITLE = {{Behavioral Detection of Malware on Mobile Handsets}},
  BOOKTITLE = {Proceedings of the 6th International Conference on Mobile
    Systems, Applications, and Services (MobiSys)},
  MONTH = jun,
  YEAR = 2008,
}

@INPROCEEDINGS{spla08,
  AUTHOR = {Aubrey-Derrick Schmidt and Frank Peters and Florian Lamour and
    Sahin Albayrak},
  TITLE = {{Monitoring Smartphones for Anomaly Detection}},
  BOOKTITLE = {Proceedings of the 1st International Conference on MOBILe
    Wireless MiddleWARE, Operating Systems, and Applications (MOBILWARE)},
  YEAR = 2008,
}

@TECHREPORT{sa08,
  AUTHOR = {Aubrey-Derrick Schmidt and Sahin Albayrak},
  TITLE = {{Malicious Software for Smartphones}},
  INSTITUTION = {DAI-Labor},
  NUMBER = {TUB-DAI 02/08-01},
  MONTH = {February},
  YEAR = {2008},
}

%-- 2009 --------------------------------------------------------------

@ARTICLE{teml09,
  AUTHOR = {Patrick Traynor and William Enck and Patrick McDaniel and Tom La Porta},
  TITLE = {{Mitigating Attacks on Open Functionality in SMS-Capable Cellular Networks}},
  JOURNAL = {IEEE/ACM Transactions on Networking (TON)},
  YEAR = 2009,
  VOLUME = {17},
  NUMBER = {1},
  MONTH = feb,
}

@ARTICLE{eom09a,
  AUTHOR = {William Enck and Machigar Ongtang and Patrick McDaniel},
  TITLE = {{Understanding Android Security}},
  JOURNAL = {IEEE Security \& Privacy Magazine},
  MONTH = {January/February},
  NUMBER = {1},
  PAGES = {50--57},
  VOLUME = {7},
  YEAR = 2009,
}

% Kirin
@INPROCEEDINGS{eom09b,
  AUTHOR = {William Enck and Machigar Ongtang and Patrick McDaniel},
  TITLE = {{On Lightweight Mobile Phone Application Certification}},
  BOOKTITLE = {Proceedings of the 16th ACM Conference on Computer and
    Communications Security (CCS)},
  MONTH = nov,
  YEAR = 2009,
}

@INPROCEEDINGS{cha09,
  AUTHOR = {Avik Chaudhuri},
  TITLE = {{Language-Based Security on Android}},
  BOOKTITLE = {Proceedings of the ACM SIGPLAN Workshop on Programming
    Languages and Analysis for Security (PLAS)},
  MONTH = jun,
  YEAR = 2009,
}

@INPROCEEDINGS{nyb+09,
  AUTHOR = {Xudong Ni and Zhimin Yang and Xiaole Bai and Adam C.
    Champion and Dong Xuan},
  TITLE = {{DiffUser: Differentiated User Access Control on
    Smartphones}},
  BOOKTITLE = {Proceedings of the 5th IEEE Workshop on Wireless and
    Sensor Networks Security (WSNS)},
  MONTH = oct,
  YEAR = 2009,
}

% Saint
@INPROCEEDINGS{omem09,
  AUTHOR = {Machigar Ongtang and Stephen McLaughlin and William Enck and
    Patrick McDaniel},
  TITLE = {{Semantically Rich Application-Centric Security in Android}},
  BOOKTITLE = {Proceedings of the 25th Annual Computer Security
    Applications Conference (ACSAC)},
  Month = dec,
  Pages = {340-349},
  Year = 2009,
}

@INPROCEEDINGS{skft09,
  AUTHOR = {Wook Shin and Shinsaku Kiyomoto and Kazuhide Fukushima and
    Toshiaki Tanaka},
  TITLE = {{Towards Formal Analysis of the Permission-based Security
    Model for Android}},
  BOOKTITLE = {Proceedings of the 5th International Conference on
    Wireless and Mobile Communications},
  YEAR = 2009,
}

@INPROCEEDINGS{sbs+09,
  AUTHOR = {Aubrey-Derrick Schmidt and Rainer By and Hans-Gunther Schmidt and
    Jan Clausen and Osman Kiraz},
  TITLE = {{Static Analysis of Executables for Collaborative Malware Detection
    on Android}},
  BOOKTITLE = {Proceedings of the IEEE International Conference on
    Communications (ICC)},
  YEAR = 2009,
}

@INPROCEEDINGS{zas09,
  AUTHOR = {Xinwen Zhang and Onur Acii{\c c}mez and Jean-Pierre Seifert},
  TITLE = {{Building Efficient Integrity Measurement and Attestation for Mobile
    Phone Platforms}},
  BOOKTITLE = {Proceedings of the First International ICST Conference on
    Security and Privacy in Mobile Information and Communication Systems
      (MobiSec)},
  MONTH = jun,
  YEAR = 2009,
}

@INPROCEEDINGS{lrh+09,
  AUTHOR = {Yunxin Liu and Ahmad Rahmati and Yuanhe Huang and Hyukjae Jang and
    Lin Zhong and Yongguang Zhang and Shensheng Zhang},
  TITLE = {{xShare: Supporting Impromptu Sharing of Mobile Phones}},
  BOOKTITLE = {Proceedings of the International conference on Mobile
    Systems, Applications, and Services (MobiSys)},
  MONTH = jun,
  YEAR = 2009,
}

% Extends spla08
@ARTICLE{spl+09,
  AUTHOR = {Aubrey-Derrick Schmidt and Frank Peters and Florian Lamour and
    Christian Scheel and Seyit Ahmet Camtepe and Sahin Albayrak},
  TITLE = {{Monitoring Smartphones for Anomaly Detection}},
  JOURNAL = {Mobile Networks and Applications},
  VOLUME = {14},
  NUMBER = {1},
  MONTH = feb, 
  YEAR = 2009,
  PAGES = {92--106},
}

@INPROCEEDINGS{kbs09,
  AUTHOR = {Amy K. Karlson and A.J. Bernheim Brush and Stuart
    Schechter},
  TITLE = {{Can I Borrow Your Phone? Understanding Concerns When Sharing
    Mobile Phones}},
  BOOKTITLE = {Proceedings of the Conference on Human Factors in
    Computing Systems (CHI)},
  MONTH = apr,
  YEAR = 2009,
}

% CloneCloud (workshop paper, also a EuroSys?)
@INPROCEEDINGS{cm09,
  AUTHOR = {Byung-Gon Chun and Petros Maniatis},
  TITLE = {{Augmented Smartphone Applications Through Clone Cloud Execution}},
  BOOKTITLE = {Proceedings of the 12th Conference on Hot Topics in Operating
    Systems (HotOS)},
  YEAR = 2009,
}

@INPROCEEDINGS{xzl+09,
  AUTHOR = {Nan Xu and Fan Zhang and Yisha Luo and Weijia Jia and Dong
    Xuan and Jin Teng},
  TITLE = {{Stealthy Video Capturer: A New Video-based Spyware in 3G
    Smartphones}},
  BOOKTITLE = {Proceedings of the ACM Conference on Wireless Network
    Security (WiSec)},
  MONTH = {March},
  YEAR = {2009},
}

@INPROCEEDINGS{tlo+09,
  AUTHOR = {Patrick Traynor and Michael Lin and Machigar Ongtang and
    Vikhyath Rao and Trent Jaeger and Thomas {La Porta} and Patrick
      McDaniel},
  TITLE = {{On Cellular Botnets: Measuring the Impact of Malicious
    Devices on a Cellular Network Core}},
  BOOKTITLE = {Proceedings of the 16th ACM Conference on Computer and
    Communications Security (CCS)},
  MONTH = nov,
  YEAR = 2009,
}

@INPROCEEDINGS{lpl+09,
  AUTHOR = {Hong Lu and Wei Pan and Nicholas D. Lane and Tanzeem
    Choudhury and Andrew T. Campbell},
  TITLE = {{SoundSense: Scalable Sound Sensing for People-Centric
    Applications on Mobile Phones}},
  BOOKTITLE = {Proceedings of the 7th International Conference on Mobile
    Systems, Applications, and Services (MobiSys)},
  YEAR = 2009,
  MONTH = jun,
  PAGES = {165--178},
}

@INPROCEEDINGS{kcc+09,
  AUTHOR = {Predrag Klasnja and Sunny Consolvo and Tanzeem Choudhury and
    Richard Beckwith and Jeffrey Hightower},
  TITLE = {{Exploring Privacy Concerns about Personal Sensing}},
  BOOKTITLE = {Proceedings of the 7th International Conference on
    Pervasive Computing},
  PAGES = {178--183},
  YEAR = 2009,
}

@INPROCEEDINGS{brp+09,
  AUTHOR = {Rajesh Krishna Balan and Narayan Ramasubbu and Komsit
    Prakobphol and Nicholas Christin and Jason Hong},
  TITLE = {{mFerio: The Design and Evaluation of a Peer-to-Peer Mobile
    Payment System}},
  BOOKTITLE = {Proceedings of the 7th International Conference on Mobile
    Systems, Applications, and Services (MobiSys)},
  YEAR = 2009,
  MONTH = jun,
  PAGES = {291--304},
}

%-- 2010 --------------------------------------------------------------

@INPROCEEDINGS{egc+10,
  AUTHOR = {William Enck and Peter Gilbert and Byung-Gon Chun and Landon
    P. Cox and Jaeyeon Jung and Patrick McDaniel and Anmol N. Sheth},
  TITLE = {{TaintDroid: An Information-Flow Tracking System for Realtime
    Privacy Monitoring on Smartphones}},
  BOOKTITLE = {Proceedings of the 9th USENIX Symposium on Operating
    Systems Design and Implementation (OSDI)},
  MONTH = oct,
  YEAR = 2010,
}

@INPROCEEDINGS{bkvs10,
  AUTHOR = {David Barrera and H. G\:{u}nes Kayacik and Paul C. {van
    Oorshot} and Anil Somayaji},
  TITLE = {{A Methodology for Empirical Analysis of Permission-Based
    Security Models and its Application to Android}},
  BOOKTITLE = {Proceedings of the ACM Conference on Computer and
    Communications Security (CCS)},
  MONTH = oct,
  YEAR = 2010,
}

@INPROCEEDINGS{cnc10,
  AUTHOR = {Mauro Conti and Vu Thien Nga Nguyen and Bruno Crispo},
  TITLE = {{CRePE: Context-Related Policy Enforcement for Android}},
  BOOKTITLE = {Proceedings of the 13th Information Security Conference
    (ISC)},
  MONTH = oct,
  YEAR = 2010,
}


@INPROCEEDINGS{ddsw10,
  AUTHOR = {Lucas Davi and Alexandra Dmitrienko and Ahmad-Reza Sadeghi
    and Marcel Winandy},
  TITLE = {{Privilege Escalation Attacks on Android}},
  BOOKTITLE = {Proceedings of the 13th Information Security Conference
    (ISC)},
  MONTH = oct,
  YEAR = 2010,
}

@INPROCEEDINGS{dgli10,
  AUTHOR = {Alessandro Distefano and Antonio Grillo and Alessandro
    Lentini and Giuseppe F. Ilaliano},
  TITLE = {{SecureMyDroid: Enforcing Security in the Mobile Devices
    Lifecycle}},
  BOOKTITLE = {Proceedings of the 6th Annual Cyber Security and
    Information Intelligence Research Workshop},
  MONTH = apr,
  YEAR = 2010,
}

@ARTICLE{me10,
  AUTHOR = {Patrick McDaniel and William Enck},
  TITLE = {{Not So Great Expectations: Why Application Markets Haven't
    Failed Security}},
  JOURNAL = {IEEE Security \& Privacy Magazine},
  MONTH = {September/October},
  NUMBER = {5},
  PAGES = {76--78},
  VOLUME = {8},
  YEAR = 2010,
}

@INPROCEEDINGS{nkz10,
  AUTHOR = {Mohammad Nauman and Sohail Khan and Xinwen Zhang},
  TITLE = {{Apex: Extending Android Permission Model and Enforcement
    with User-defined Runtime Constraints}},
  BOOKTITLE = {Proceedings of the ACM Symposium on Information, Computer and
    Communications Security (ASIACCS)},
  YEAR = 2010,
}

@INPROCEEDINGS{obm10,
  AUTHOR = {Machigar Ongtang and Kevin Butler and Patrick McDaniel},
  TITLE = {{Porscha: Policy Oriented Secure Content Handling in
    Android}},
  BOOKTITLE = {Proceedings of the 26th Annual Computer Security
    Applications Conference (ACSAC)},
  MONTH = dec,
  YEAR = 2010,
}

@INPROCEEDINGS{phab10,
  AUTHOR = {Georgios Portokalidis and Philip Homburg and Kostas Anagnostakis
    and Herbert Bos},
  TITLE = {{Paranoid Android: Versatile Protection For Smartphones}},
  BOOKTITLE = {Proceedings of the 26th Annual Computer Security
    Applications Conference (ACSAC)},
  MONTH = dec,
  YEAR = 2010,
}

@ARTICLE{sfk+10,
  AUTHOR = {Asaf Shabtai and Yuval Fledel and Uri Kanonov and Shlomi
    Dolev and Chanan Glezer},
  TITLE = {{Google Android: A Comprehensive Security Assessment}},
  JOURNAL = {IEEE Security and Privacy Magazine},
  MONTH = {March/April},
  YEAR = 2010,
}

@ARTICLE{sfe10,
  AUTHOR = {Asaf Shabtai and Yuval Fledel and Yuval Elovici},
  TITLE = {{Securing Android-Powered Mobile Devices Using SELinux}},
  JOURNAL = {IEEE Security and Privacy Magazine},
  MONTH = {May/June},
  YEAR = 2010,
}

@INPROCEEDINGS{skk+10,
  AUTHOR = {Wook Shin and Sanghoon Kwak and Shinsaku Kiyomoto and
    Kazuhide Fukushima and Toshiaki Tanaka},
  TITLE = {{A Small but Non-negligible Flaw in the Android Permission
    Scheme}},
  BOOKTITLE = {Proceedings of the International Symposium on Policies
    for Distributed Systems and Networks},
  YEAR = 2010,
}

@INPROCEEDINGS{skft10,
  AUTHOR = {Wook Shin and Shinsaku Kiyomoto and Kazuhide Fukushima and
    Toshiaki Tanaka},
  TITLE = {{A Formal Model to Analyze the Permission Authorization and
    Enforcement in the Android Framework}},
  BOOKTITLE = {Proceedings of the International Conference on
    Social Computing},
  YEAR = 2010,
}

@INPROCEEDINGS{nkzs10,
  AUTHOR = {Mohammad Nauman and Sohail Khan and Xinwen Zhang and Jean-Pierre
    Seifert},
  TITLE = {{Beyond Kernel-level Integrity Measurement: Enabling Remote
    Attestation for the Android Platform}},
  BOOKTITLE = {Proceedings of the 3rd International Conference on Trust and
    Trustworthy Computing},
  MONTH = jun,
  YEAR = 2010,
}

@INPROCEEDINGS{bob+10,
  AUTHOR = {Jeffrey Bickford and Ryan {O'Hare} and Arati Baliga and
    Vinode Ganapathy and Liviu Iftode},
  TITLE = {{Rootkits on Smart Phones: Attacks, Implications and
    Opportunities}},
  BOOKTITLE = {Proceedings of the International Workshop on Mobile
    Computing Systems and Applications (HotMobile)},
  Pages = {49--54},
  MONTH = feb,
  YEAR = 2010,
}

@INPROCEEDINGS{ssb+10,
  AUTHOR = {Aubry-Derrick Schmidt and Hans-Gunther Schmidt and Leonid Batyuk
    and Jan Hendrik Clausen and Seyit Ahmet Camtepe and Sahin Albayrak},
  TITLE = {{Smartphone Malware Evolution Revisited: Android Next Target?}},
  BOOKTITLE = {Proceedings of the 4th International Conference on Malicious and
    Unwanted Software (MALWARE)},
  MONTH = oct,
  YEAR = 2009,
}

%-- 2011 --------------------------------------------------------------

% Saint. Extends omem09
@ARTICLE{omem11,
  AUTHOR = {Machigar Ongtang and Stephen McLaughlin and William Enck and
    Patrick McDaniel},
  TITLE = {{Semantically Rich Application-Centric Security in Android}},
  JOURNAL = {Journal of Security and Communication Networks},
  VOLUME = {5},
  NUMBER = {6},
  PAGES = {658--673},
  MONTH = jun,
  YEAR = 2011,
}

@INPROCEEDINGS{ekkv11,
  AUTHOR = {Manuel Egele and Christopher Kruegel and Engin Kirda and
    Giovanni Vigna},
  TITLE = {{PiOS: Detecting Privacy Leaks in iOS Applications}},
  BOOKTITLE = {Proceedings of the ISOC Network and Distributed System
    Security Symposium (NDSS)},
  MONTH = feb,
  YEAR = 2011,
}

@ARTICLE{ske+11,
  AUTHOR = {Asaf Shabtai and Uri Kanonov and Yuval Elovici and Chanan Glezer
    and Yael Weiss},
  TITLE = {{``Andromaly'': A Behavioral Malware Detection Framework for Android
    Devices}},
  JOURNAL = {Journal of Intelligent Information Systems},
  NOTE = {Published online January 2011},
  YEAR = 2011,
}

@INPROCEEDINGS{lnw+14,
  TITLE={{Andrubis--1,000,000 apps later: A view on current Android malware behaviors}},
  AUTHOR={Lindorfer, Martina and Neugschwandtner, Matthias and Weichselbaum, Lukas and Fratantonio, Yanick and Van Der Veen, Victor and Platzer, Christian},
  BOOKTITLE = {Third International Workshop on Building Analysis Datasets and Gathering Experience Returns for Security (BADGERS)},
  year={2014},
}

% Ded
@INPROCEEDINGS{eomc11,
  AUTHOR = {William Enck and Damien Octeau and Patrick McDaniel and Swarat Chaudhuri},
  TITLE = {{A Study of Android Application Security}},
  BOOKTITLE = {Proceedings of the USENIX Security Symposium},
  MONTH = aug,
  YEAR = 2011,
}

% IPC Inspection
@INPROCEEDINGS{fwm+11,
  AUTHOR = {Adrienne Porter Felt and Helen J. Wang and Alexander
    Moshchuk and Steven Hanna and Erika Chin},
  TITLE = {{Permission Re-Delegation: Attacks and Defenses}},
  BOOKTITLE = {Proceedings of the USENIX Security Symposium},
  MONTH = aug,
  YEAR = 2011,
}

@INPROCEEDINGS{dsp+11,
  AUTHOR = {Michael Dietz and Shashi Shekhar and Yuliy Pisetsky and
    Anhei Shu and Dan S. Wallach},
  TITLE = {{Quire: Lightweight Provenance for Smart Phone Operating
    Systems}},
  BOOKTITLE = {Proceedings of the USENIX Security Symposium},
  MONTH = aug,
  YEAR = 2011,
}

% ComDroid
@INPROCEEDINGS{cfgw11,
  AUTHOR = {Erika Chin and Adrienne Porter Felt and Kate Greenwood and David Wagner},
  TITLE = {{Analyzing Inter-Application Communication in Android}},
  BOOKTITLE = {Proceedings of the 9th Annual International Conference on Mobile
    Systems, Applications, and Services (MobiSys)},
  YEAR = 2011,
}

% Sealant
@inproceedings{lbs+17,
  AUTHOR={Lee, Youn Kyu and Bang, Jae young and Safi, Gholamreza and Shahbazian, Arman and Zhao, Yixue and Medvidovic, Nenad},
  TITLE={A SEALANT for inter-app security holes in android},
  BOOKTITLE={Proceedings of the 39th International Conference on Software Engineering},
  PAGES={312--323},
  YEAR={2017},
  MONTH=may,
}

% Stowaway
@INPROCEEDINGS{fch+11,
  AUTHOR = {Adrienne Porter Felt and Erika Chin and Steve Hanna and Dawn
    Song and David Wagner},
  TITLE = {{Android Permissions Demystified}},
  BOOKTITLE = {Proceedings of the ACM Conference on Computer and
    Communications Security (CCS)},
  YEAR = 2011,
}

@INPROCEEDINGS{fgw11,
  AUTHOR = {Adrienne Porter Felt and Kate Greenwood and David Wagner},
  TITLE = {{The Effectiveness of Application Permissions}},
  BOOKTITLE = {Proceedings of the USENIX Conference on Web Application
    Development (WebApps)},
  YEAR = 2011,
}

@INPROCEEDINGS{fw11,
  AUTHOR = {Adrienne Porter Felt and David Wagner},
  TITLE = {{Phishing on Mobile Devices}},
  BOOKTITLE = {Proceedings of the Workshop on Web 2.0 Security and
    Privacy (W2SP)},
  YEAR = 2011,
}

@INPROCEEDINGS{ffc+11,
  AUTHOR = {Adrienne Porter Felt and Matthew Finifter and Erika Chin and
    Steve Hanna and David Wagner},
  TITLE = {{A Survey of Mobile Malware in the Wild}},
  BOOKTITLE = {Proceedings of the ACM Workshop on Security and Privacy
    in Mobile Devices (SPSM)},
  YEAR = 2011,
}

@INPROCEEDINGS{bzn11,
  AUTHOR = {Iker Burguera and Urko Zurutuza and Simin Nadjm-Tehrani},
  TITLE = {{Crowdroid: Behavior-Based Malware Detection System for Android}},
  BOOKTITLE = {Proceedings of the ACM Workshop on Security and Privacy
    in Mobile Devices (SPSM)},
  YEAR = 2011,
}

@INPROCEEDINGS{djjm11,
  AUTHOR = {Bryan Dixon and Yifei Jiang and Abhishek Jaiantilal and
    Shivakant Mishra},
  TITLE = {{Short Paper: Location Based Power Analysis to Detect
    Malicious Code in Smartphones}},
  BOOKTITLE = {Proceedings of the ACM Workshop on Security and Privacy
    in Mobile Devices (SPSM)},
  YEAR = 2011,
}

@INPROCEEDINGS{gphb11,
  AUTHOR = {Kevin Gudeth and Matthew Pirretti and Katrin Hoeper and Ron
    Buskey},
  TITLE = {{Short Paper: Delivering Secure Applications on Commercial
    Mobile Devices: The Case for Bare Metal Hypervisors}},
  BOOKTITLE = {Proceedings of the ACM Workshop on Security and Privacy
    in Mobile Devices (SPSM)},
  YEAR = 2011,
}

@INPROCEEDINGS{lll+11,
  AUTHOR = {Matthias Lange and Steffen Liebergeld and Adam Lackorzynski
    and Alexander Warg and Michael Peter},
  TITLE = {{L4Android: A Generic Operating System Framework for Secure
    Smartphones}},
  BOOKTITLE = {Proceedings of the ACM Workshop on Security and Privacy
    in Mobile Devices (SPSM)},
  YEAR = 2011,
}

@TECHREPORT{bdd+11a,
  AUTHOR = {Sven Bugiel and Lucas Davi and Alexandra Dmitrienko and
    Thomas Fischer and Ahmad-Reza Sadeghi},
  TITLE = {{XManDroid: A New Android Evolution to Mitigate Privilege
    Escalation Attacks}},
  NUMBER = {TR-2011-04},
  INSTITUTION = {Technische Universitat Darmstadt, Center for
    Advanced Security Research Darmstadt},
  ADDRESS = {Darmstadt, Germany},
  MONTH = apr,
  YEAR = 2011,
}

% TrustDroid
@INPROCEEDINGS{bdd+11b,
  AUTHOR = {Sven Bugiel and Lucas Davi and Alexandra Dmitrienko and
    Stephan Heuser and Ahmad-Reza Sadeghi and Bhargava Shastry},
  TITLE = {{Practical and Lightweight Domain Isolation on Android}},
  BOOKTITLE = {Proceedings of the ACM Workshop on Security and Privacy
    in Mobile Devices (SPSM)},
  YEAR = 2011,
}

@INPROCEEDINGS{azh+11,
  AUTHOR = {Kathy Au and Billy Zhou and Zhen Huang and Phillipa Gill and David
    Lie},
  TITLE = {{Short Paper: A Look at SmartPhone Permission Models}},
  BOOKTITLE = {Proceedings of the ACM Workshop on Security and Privacy
    in Mobile Devices (SPSM)},
  YEAR = 2011,
}

@INPROCEEDINGS{vcc11,
  AUTHOR = {Timothy Vidas and Nicolas Cristin and Lorrie Faith Cranor},
  TITLE = {{Curbing Android Permission Creep}},
  BOOKTITLE = {Proceedings of the Workshop on Web 2.0 Security and
    Privacy (W2SP)},
  YEAR = 2011,
}

@INPROCEEDINGS{szz+11,
  AUTHOR = {Roman Schlegel and Kehuan Zhang and Xiaoyong Zhou and Mehool
    Intwala and Apu Kapadia and XiaoFeng Wang},
  TITLE = {{Soundcomber: A Stealthy and Context-Aware Sound Trojan for
    Smartphones}},
  BOOKTITLE = {Proceedings of the ISOC Network and Distributed
    System Security Symposium (NDSS)},
  YEAR = 2011,
}

@INPROCEEDINGS{brss11,
  AUTHOR = {Alastair R. Beresford and Andrew Rice and Nicholas Skehin
    and Ripduman Sohan},
  TITLE = {{MockDroid: Trading Privacy for Application Functionality on
    Smartphones}},
  BOOKTITLE = {Proceedings of the 12th Workshop on Mobile Computing
    Systems and Applications (HotMobile)},
  YEAR = 2011,
}

@INPROCEEDINGS{mvct11,
  AUTHOR = {Philip Marquardt and Arunabh Verma and Henry Carter and
    Patrick Traynor},
  TITLE = {{(sp)iPhone: Decoding Vibrations From Nearby Keyboards Using
    Mobile Phone Accelerometers}},
  BOOKTITLE = {Proceedings of the ACM Conference on Computer and
    Communications Security (CCS)},
  YEAR = 2011,
}

% AppFence
@INPROCEEDINGS{hhj+11,
  AUTHOR = {Peter Hornyack and Seungyeop Han and Jaeyeon Jung and Stuart
    Schechter and David Wetherall},
  TITLE = {{These Aren't the Droids You're Looking For: Retrofitting
    Android to Protect Data from Imperious Applications}},
  BOOKTITLE = {Proceedings of the ACM Conference on Computer and
    Communications Security (CCS)},
  YEAR = 2011,
}

% Privilege Escalation: Export data via browser
@ARTICLE{lrw10,
  TITLE={These aren’t the permissions you’re looking for},
  AUTHOR={Lineberry, Anthony and Richardson, David Luke and Wyatt, Tim},
  JOURNAL={DefCon},
  VOLUME={18},
  year={2010}
}

% TISSA
@INPROCEEDINGS{zzjf11,
  AUTHOR = {Yajin Zhou and Xinwen Zhang and Xuxian Jiang and Vincent W.
    Freeh},
  TITLE = {{Taming Information-Stealing Smartphone Applications (on
      Android)}},
  BOOKTITLE = {Proceedings of the International Conference on Trust and
    Trustworthy Computing (TRUST)},
  MONTH = jun,
  YEAR = 2011,
}

@INPROCEEDINGS{gccj11,
  AUTHOR = {Peter Gilbert and Byung-Gon Chun and Landon P. Cox and
    Jaeyeon Jung},
  TITLE = {{Vision: Automated Security Validation of Mobile Apps at App
    Markets}},
  BOOKTITLE = {Proceedings of the International Workshop on Mobile Cloud
    Computing and Services (MCS)},
  YEAR = 2011,
}

@INPROCEEDINGS{enc11,
  AUTHOR = {William Enck},
  TITLE = {{Defending Users Against Smartphone Apps: Techniques and Future Directions}},
  BOOKTITLE = {Proceedings of 7th International Conference on Information Systems Security (ICISS)},
  MONTH = dec,
  YEAR = 2011,
}

%-- 2012 --------------------------------------------------------------

% tags: OEM
@INPROCEEDINGS{gzwj12,
  AUTHOR = {Michael Grace and Yajin Zhou and Zhi Wang and Xuxian Jiang},
  TITLE = {{Systematic Detection of Capability Leaks in Stock Android
    Smartphones}},
  BOOKTITLE = {Proceedings of the ISCO Network and Distributed System
    Security Symposium (NDSS)},
  MONTH = feb,
  YEAR = 2012,
}

% tags: malware
@INPROCEEDINGS{zwzj12,
  AUTHOR = {Yajin Zhou and Zhi Wang and Wu Zhou and Xuxian Jiang},
  TITLE = {{Hey, You, Get off of My Market: Detecting Malicious Apps in
    Official and Alternative Android Markets}},
  BOOKTITLE = {Proceedings of the ISOC Network and Distributed System
    Security Symposium (NDSS)},
  MONTH = feb,
  YEAR = 2012,
}

% XManDroid-sh published paper
@INPROCEEDINGS{bdd+12,
  AUTHOR = {Sven Bugiel and Lucas Davi and Alexandra Dmitrienko and Thomas
    Fischer and Ahmad-Reza Sadeghi and Bhargava Shastry},
  TITLE = {{Toward Taming Privilege-Escalation Attacks on Android}},
  BOOKTITLE = {Proceedings of the ISOC Network and Distributed System Security Symposium (NDSS)},
  YEAR = 2012,
}

@INPROCEEDINGS{dde+12,
  AUTHOR = {Lucas Davi and Alexandra Dmitrienko and Manuel Egele and Thomas
    Fischer and Thorsten Holz and Ralf Hund and Stefan Nurberger and Ahmad-Reza Sadeghi},
  TITLE = {{MoCFI: A Framework to Mitigate Control-Flow Attacks on Smartphones}},
  BOOKTITLE = {Proceedings of the ISOC Network and Distributed System Security Symposium (NDSS)},
  YEAR = 2012,
}

@INPROCEEDINGS{fef+12,
  AUTHOR = {Adrienne Porter Felt and Serge Egelman and Matthew Finifter and
    Devdata Akhawe and David Wagner},
  TITLE = {{How to Ask for Permission}},
  BOOKTITLE = {Proceedings of the USENIX Workshop on Hot Topics in Security (HotSec)},
  YEAR = 2012,
}

@INPROCEEDINGS{kcc+12,
  AUTHOR = {Kelley, Patrick Gage and Consolvo, Sunny and Cranor, Lorrie Faith and Jung, Jaeyeon and Sadeh, Norman and Wetherall, David},
  TITLE = {A Conundrum of Permissions: Installing Applications on an Android Smartphone},
  BOOKTITLE = {International Conference on Financial Cryptography and Data Security},
  YEAR = {2012},
  MONTH = mar, 
}

@INPROCEEDINGS{fhe+12,
  AUTHOR = {Adrienne Porter Felt and Elizabeth Ha and Serge Egelman and Ariel
    Haney and Erika Chin and David Wagner},
  TITLE = {{Android Permissions: User Attention, Comprehension and Behavior}},
  BOOKTITLE = {Proceedings of the Symposium on Usable Privacy and Security (SOUPS)},
  YEAR = 2012,
}

@INPROCEEDINGS{pfnw12,
  AUTHOR = {Paul Pearce and Adrienne Porter Felt and Gabriel Nunez and David Wagner},
  TITLE = {{AdDroid: Privilege Separation for Applications and Advertisers in Android}},
  BOOKTITLE = {Proceedings of the ACM Symposium on Information, Computer and
    Communications Security (ASIACCS)},
  YEAR = 2012,
}

@INPROCEEDINGS{sdw12,
  AUTHOR = {Shashi Shekhar and Michael Dietz and Dan S. Wallach},
  TITLE = {{AdSplit: Separating Smartphone Advertising from Applications}},
  BOOKTITLE = {Proceedings of the USENIX Security Symposium},
  YEAR = 2012,
}

@INPROCEEDINGS{zad13,
  TITLE={{AFrame: isolating advertisements from mobile applications in Android}},
  AUTHOR={Zhang, Xiao and Ahlawat, Amit and Du, Wenliang},
  BOOKTITLE={Proceedings of the 29th Annual Computer Security Applications Conference},
  YEAR={2013},
}

@INPROCEEDINGS{sgc+12,
  TITLE={Investigating User Privacy in Android Ad Libraries},
  AUTHOR={Stevens, Ryan and Gibler, Clint and Crussell, Jon and Erickson, Jeremy and Chen, Hao},
  BOOKTITLE={Workshop on Mobile Security Technologies (MoST)},
  YEAR={2012},
}

% tags: malware
@INPROCEEDINGS{yy12,
  AUTHOR = {Lok Kwong Yan and Heng Yin},
  TITLE = {{DroidScope: Seamlessly Reconstructing the OS and Dalvik Semantic
    Views for Dynamic Android Malware Analysis}},
  BOOKTITLE = {Proceedings of the USENIX Security Symposium},
  YEAR = 2012,
}

% tags: IRM
@INPROCEEDINGS{xsa12,
  AUTHOR = {Rubin Xu and Hassen Saidi and Ross Anderson},
  TITLE = {{Aurasium: Practical Policy Enforcement for Android Applications}},
  BOOKTITLE = {Proceedings of the USENIX Security Symposium},
  YEAR = 2012,
}

% tags: malware
@INPROCEEDINGS{zj12,
  AUTHOR = {Yajin Zhou and Xuxian Jiang},
  TITLE = {{Dissecting Android Malware: Characterization and Evolution}},
  BOOKTITLE = {Proceedings of the IEEE Symposium on Security and Privacy (Oakland)},
  YEAR = 2012,
}

% tags: malware
@INPROCEEDINGS{zzjn12,
  AUTHOR = {Wu Zhou and Yajin Zhou and Xuxian Jiang and Peng Ning},
  TITLE = {{DroidMOSS: Detecting Repackaged Smartphone Applications in
    Third-Party Android Marketplaces}},
  BOOKTITLE = {Proceedings of the ACM Conference on Data and Application
    Security and Privacy},
  YEAR = 2012,
}

% tags: malware
@INPROCEEDINGS{gzz+12,
  AUTHOR = {Michael Grace and Yajin Zhou and Qiang Zhang and Shihong Zou and Xuxian Jiang},
  TITLE = {{RiskRanker: Scalable and Accurate Zero-day Android Malware Detection}},
  BOOKTITLE = {Proceedings of the International Conference on Mobile Systems,
    Applications and Services (MobiSys)},
  YEAR = 2012,
}

% tags: malware
@INPROCEEDINGS{dxzj12,
  AUTHOR = {Zhui Deng and Dongyan Xu and Xiangyu Zhang and Xuxian Jiang},
  TITLE = {{IntroLib: Efficient and Transparent Library Call Introspection for
    Malware Forensics}},
  BOOKTITLE = {Proceedings of the DFRWS Digitial Forensics Conference (DFRWS)},
  YEAR = 2012,
}

@INPROCEEDINGS{bev12,
  AUTHOR = {David Barrera and William Enck and Paul C. {van Oorschot}},
  TITLE = {{Meteor: Seeding a Security-Enhancing Infrastructure for
    Multi-market Application Ecosystems}},
  BOOKTITLE = {IEEE Mobile Security Technologies workshop (MoST)},
  YEAR = 2012,
}

@INPROCEEDINGS{tab+12,
  AUTHOR = {Yang Tang and Phillip Ames and Sravan Bhamidipati and Ashish
    Bijlani and Roxana Geambasu and Nikhil Sarda},
  TITLE = {{CleanOS: Limiting Mobile Data Exposiure with Idle Eviction}},
  BOOKTITLE = {Proceedings of the USENIX Symposium on Operating Systems Design
    and Implementation (OSDI)},
  YEAR = 2012,
}

@INPROCEEDINGS{azhl12,
  AUTHOR = {Kathy Wain Yee Au and Yi Fan Zhou and Zhen Huang and David Lie},
  TITLE = {{PScout: Analyzing the Android Permission Specification}},
  BOOKTITLE = {Proceedings of the 2012 ACM conference on Computer and communications security},
  PAGES = {217-228},
  YEAR = 2012,
}

% Android Malware Dataset
@INPROCEEDINGS{wlr+17, 
  AUTHOR = {Wei, Fengguo and Li, Yuping and Roy, Sankardas and Ou, Xinming and Zhou, Wu}, 
  TITLE = {{Deep Ground Truth Analysis of Current Android Malware}}, 
  BOOKTITLE = {International Conference on Detection of Intrusions and Malware, and Vulnerability Assessment (DIMVA)}, 
  PAGES = {252--276}, 
  YEAR = {2017}, 
}

% AndroZoo Dataset
@INPROCEEDINGS{abkl16,
  TITLE={Androzoo: Collecting millions of android apps for the research community},
  AUTHOR={Allix, Kevin and Bissyand{\'e}, Tegawend{\'e} F and Klein, Jacques and Le Traon, Yves},
  BOOKTITLE={Mining Software Repositories (MSR), 2016 IEEE/ACM 13th Working Conference on},
  PAGES={468--471},
  YEAR={2016},
}

% tags: privacy
@INPROCEEDINGS{gcec12,
  AUTHOR = {Clint Gibler and Jon Crussell and Jeremy Erickson and Hao Chen},
  TITLE = {{AndroidLeaks: Automatically Detecting Potential Privacy Leaks In
    Android Applications on a Large Scale}},
  BOOKTITLE = {Proceedings of the International Conference on Trust and Trustworthy Computing (TRUST)},
  MONTH = jun,
  YEAR = 2012,
}

@INPROCEEDINGS{llw+12,
  AUTHOR = {Long Lu and Zhichun Li and Zhenyu Wu and Wenke Lee and Guofei Jiang},
  TITLE = {{CHEX: Statically Vetting Android Apps for Component Hijacking Vulnerabilities}},
  BOOKTITLE = {Proceedings of the ACM Conference on Computer and Communications Security (CCS)},
  PAGES = {229-240},
  YEAR = 2012,
}

% Anadroid
@INPROCEEDINGS{lkm+13,
 AUTHOR = {Liang, Shuying and Keep, Andrew W. and Might, Matthew and Lyde, Steven and Gilray, Thomas and Aldous, Petey and Van Horn, David},
 TITLE = {{Sound and Precise Malware Analysis for Android via Pushdown Reachability and Entry-point Saturation}},
 BOOKTITLE = {Proceedings of the Third ACM Workshop on Security and Privacy in Smartphones and Mobile Devices},
 YEAR = {2013},
 PAGES = {21--32},
} 

% tags: IRM
@INPROCEEDINGS{jmv+12,
  AUTHOR = {Jinseong Jeon and Kristopher K. Micinski and Jeffrey A. Vaughan and
    Ari Fogel and Nikhilesh Reddy and Jeffrey S. Foster and Todd Millstein},
  TITLE = {{Dr. Android and Mr. Hide: Fine-grained Permissions in Android Applications}},
  BOOKTITLE = {Proceedings of the ACM Workshop on Security and Privacy
    in Mobile Devices (SPSM)},
  YEAR = 2012,
}

@INPROCEEDINGS{wgnf12,
  AUTHOR = {Xuetao Wei and Lorenzo Gomez and Iulian Neamtiu and Michalis Faloutsos},
  TITLE = {{ProfileDroid: Multi-layer Profiling of Android Applications}},
  BOOKTITLE = {Proceedings of the ACM International Conference on Mobile Computing and Networking (MobiCom)},
  YEAR = 2012,
  PAGES = {137--148},
}

@INPROCEEDINGS{lah+12,
  AUTHOR = {Jialiu Lin and Shahriyar Amini and Jason I. Hong and Norman Sadeh
    and Janne Lindqvist and Joy Zhang},
  TITLE = {{Expectation and Purpose: Understanding Users’ Mental Models of
    Mobile App Privacy through Crowdsourcing}},
  BOOKTITLE = {Proceedings of the ACM Conference on Ubiquitous Computing (UbiComp)},
  YEAR = 2012,
}

% tags: privacy
@INPROCEEDINGS{gzjs12,
  AUTHOR = {Michael Grace and Wu Zhou and Xuxian Jiang and Ahmad-Reza Sadeghi},
  TITLE = {{Unsafe Exposure Analysis of Mobile In-App Advertisements}},
  BOOKTITLE = {Proceedings of the ACM Conference on Security and Privacy in
    Wireless and Mobile Networks (WiSec)},
  YEAR = 2012,
}

@INPROCEEDINGS{rccf12,
  AUTHOR = {Giovanni Russello and Mauro Conti and Bruno Crispo and
    Earlence Fernandes},
  TITLE = {{MOSES: Supporting Operation Modes on Smartphones}},
  BOOKTITLE = {Proceedings of the ACM symposium on Access Control Models
    and Technologies (SACMAT)},
  YEAR = 2012,
}

@INPROCEEDINGS{slg+12,
  AUTHOR = {Bhaskar Pratim Sarma and Ninghui Li and Chris Gates and
    Rahul Potharaju and Cristina Nita-Rotaru and Ian Molloy}, 
  TITLE = {{Android Permissions: A Perspective Combining Risks and Benefits}}, 
  BOOKTITLE = {Proceedings of the ACM symposium on Access Control Models
    and Technologies (SACMAT)},
  YEAR = 2012, 
}

@INPROCEEDINGS{pgs+12, 
  AUTHOR = {Hao Peng and Chris Gates and Bhaskar Sarma and Ninghui Li and
    Yuan Qi and Rahul Potharaju and Cristina Nita-Rotaru and Ian Molloy}, 
  TITLE = {{Using Probabilistic Generative Models for Ranking Risks of Android Apps}},
  BOOKTITLE = {Proceedings of the ACM Conference on Computer and
    Communications Security (CCS)}, 
  YEAR = 2012,
}

@INPROCEEDINGS{bktm12,
  AUTHOR = {Alexandre Bartel and Jacques Klein and Yves Le Traon and Martin Monperrus},
  TITLE = {{Automatically Securing Permission-based Software by Reducing the Attack Surface: An Application to Android}},
  BOOKTITLE = {Proceedings of the IEEE/ACM International Conference on Automated Software Engineering (ASE)},
  PAGES = {274--277},
  YEAR = 2012,
}

%-- 2013 --------------------------------------------------------------

@INPROCEEDINGS{whd+13,
  AUTHOR = {Tim Werthmann and Ralf Hund and Lucas Davi and Ahmad-Reza Sadeghi and Thorsten Holtz},
  TITLE = {{PSiOS: Bring Your Own Privacy \& Security to iOS Devices}},
  BOOKTITLE = {Proceedings of the ACM Symposium on Information, Computer and
    Communications Security (ASIACCS)},
  MONTH = may,
  YEAR = 2013,
}


% tags: OEM
% SFFA
@INPROCEEDINGS{wgz+13,
  AUTHOR = {Lei Wu and Michael Grace and Yajin Zhou and Chiachih Wu and Xuxian Jiang},
  TITLE = {{The Impact of Vendor Customizations on Android Security}},
  BOOKTITLE = {Proceedings of the ACM Conference on Computer and Communications
    Security (CCS)},
  PAGES = {623--634},
  YEAR = 2013,
}

% EPICC
@INPROCEEDINGS{omj+13,
  AUTHOR = {Damien Octeau and Patrick McDaniel and Somesh Jha and Alexandre
    Bartel and Eric Bodden and Jacques Klein and Yves {Le Traon}},
  TITLE = {{Effective Inter-component Communication Mapping in Android with
    EPPIC: An Essential Step Towards Holistic Security Analysis}},
  BOOKTITLE = {{Proceedings of the USENIX Security Symposium}},
  YEAR = 2013,
}


% tags: NLP
@INPROCEEDINGS{pxy+13,
  AUTHOR = {Rahul Pandita and Xusheng Xiao and Wei Yang and William Enck and Tao Xie},
  TITLE = {{WHYPER: Towards Automating Risk Assessment of Mobile Applications}},
  BOOKTITLE = {Proceedings of the USENIX Security Symposium},
  MONTH = aug,
  YEAR = 2013,
}

% tags: malware
@INPROCEEDINGS{crte13,
  AUTHOR = {Saurabh Chakradeo and Brad Reaves and Patrick Traynor and William Enck},
  TITLE = {{MAST: Triage for Market-scale Mobile Malware Analysis}},
  BOOKTITLE = {Proceedings of the ACM Conference on Security and Privacy in
    Wireless and Mobile Networks (WiSec)},
  MONTH = apr,
  YEAR = 2013,
}

% SEAndroid
@INPROCEEDINGS{sc13,
  AUTHOR = {Stephen Smalley and Robert Craig},
  TITLE = {{Security Enhanced (SE) Android: Bringing Flexible MAC to Android}},
  BOOKTITLE = {Proceedings of the ISOC Network and Distributed Systems
    Symposium (NDSS)},
  YEAR = 2013,
}

% FlaskDroid
@INPROCEEDINGS{bhs13,
  AUTHOR = {Sven Bugiel and Stephan Heuser and Ahmad-Reza Sadeghi},
  TITLE = {{Flexible and Fine-Grained Mandatory Access Control on Android for Diverse
    Security and Privacy Policies}},
  BOOKTITLE = {Proceedings of the USENIX Security Symposium},
  YEAR = 2013,
}

% tags: IRM
@INPROCEEDINGS{dc13,
  AUTHOR = {Benjamin Davis and Hao Chen},
  TITLE = {{RetroSkeleton: Retrofitting Android Apps}},
  BOOKTITLE = {Proceedings of the International Conference on Mobile Systems,
    Applications and Services (MobiSys)},
  YEAR = 2013,
}

@INPROCEEDINGS{bgh+13,
  AUTHOR = {Michael Backes and Sebastian Gerling and Christian Hammer and
    Matteo Maffei and Philipp von Styp-Rekowsky},
  TITLE = {{AppGuard: Enforcing User Requirements on Android Apps}},
  BOOKTITLE = {Proceedings of the International Conference on Tools and
    Algorithms for the Construction and Analysis of Systems (TACAS)},
  YEAR = 2013,
}

@INPROCEEDINGS{wll+13,
  AUTHOR = {Tielei Wang and Kangjie Lu and Long Lu and Simon Chung and Wenke Lee},
  TITLE = {{Jekyll on iOS: When Benign Apps Become Evil}},
  BOOKTITLE = {Proceedings of the USENIX Security Symposium},
  MONTH = aug,
  YEAR = 2013,
}

@INPROCEEDINGS{hyg+13,
  AUTHOR = {Jin Han and Qiang Yan and Debin Gao and Jianying Zhou and Robert Deng},
  TITLE = {{Comparing Mobile Privacy Protection through Cross-Platform Applications}},
  BOOKTITLE = {Proceedings of the ISOC Network and Distributed Systems
    Symposium (NDSS)},
  MONTH = feb,
  YEAR = 2013,
}
 
@INPROCEEDINGS{gkc13,
  AUTHOR = {Eric Gustafson and Kristen Kennedy and Hao Chen},
  TITLE = {{Quantifying the Effects of Removing Permissions from Android Applications}},
  BOOKTITLE = {Proceedings of IEEE Mobile Security Technologies (MoST)},
  YEAR = 2013,
}

@INPROCEEDINGS{rce13,
  AUTHOR = {Vaibhav Rastogi and Yan Chen and William Enck},
  TITLE = {{AppsPlayground: Automatic Large-scale Dynamic Analysis of Android Applications}},
  BOOKTITLE = {Proceedings of the ACM Conference on Data and Application
    Security and Privacy (CODASPY)}, 
  MONTH = feb,
  YEAR = 2013,
}

@INPROCEEDINGS{lar+13,
  AUTHOR = {Charles Lever and Manos Antonakakis and Brad Reaves and
    Patrick Traynor and Wenke Lee},
  TITLE = {{The Core of the Matter: Analyzing Malicious Traffic in
    Cellular Carriers}},
  BOOKTITLE = {Proceedings of the ISOC Network and Distributed Systems
    Symposium (NDSS)},
  MONTH = feb,
  YEAR = 2013,
}

% tags: malware
@INPROCEEDINGS{ady13, 
 AUTHOR = {Yousra Aafer and Wenliang Du and Heng Yin},
 TITLE = {{DroidAPIMiner: Mining API Level Features for Robust Malware Detection in Android}},
 BOOKTITLE = {Proceedings of the International Conference on Security and Privacy in Communication Networks (SecureComm)},
 MONTH = sep,
 YEAR = 2013,
}

@INPROCEEDINGS{cjs+13,
  AUTHOR = {Kevin Zhijie Chen and Noah Johnson and Vijay D’Silva and Shuaifu
    Dai and Kyle MacNamara and Tom Magrino and Edward Wu and Martin Rinard and
      Dawn Song},
  TITLE = {{Contextual Policy Enforcement in Android Applications with
    Permission Event Graphs}},
  BOOKTITLE = {Proceedings of the ISOC Network and Distributed Systems
    Symposium (NDSS)},
  MONTH = feb,
  YEAR = 2013,
}

%% IFC on Android
@TECHREPORT{afb+12,
  AUTHOR = {Jassim Aljuraidan and Elli Fragkaki and Lujo Bauer and
    Limin Jia and Kazuhide Fukushima and Shinsaku Kiyomoto and Yutaka Miyake},
  TITLE = {{Run-Time Enforcement of Information Flow Properties on Android}},
  NUMBER = {CMY-CyLab-12-015},
  INSTITUTION = {CyLab, Carnegie Mellon University},
  ADDRESS = {Pittsburgh, PA, USA},
  MONTH = jul,
  YEAR = 2012,
}

@INPROCEEDINGS{jaf+13,
  AUTHOR = {Limin Jia and Jassim Aljuraidan and Elli Fragkaki and Lujo Bauer
    and Michael Stroucken and Kazuhide Fukushima and Shinsaku Kiyomoto and
      Yutaka Miyake},
  TITLE = {{Run-Time Enforcement of Information-Flow Properties on Android (Extended Abstract)}},
  BOOKTITLE = {Proceedings of the European Symposium on Research in Computer Security (ESORICS)},
  MONTH = sep,
  YEAR = 2013,
}

% Maxoid
@INPROCEEDINGS{xw15,
  AUTHOR = {Xu, Yuanzhong and Witchel, Emmett},
  TITLE = {{Maxoid: transparently confining mobile applications with custom views of state}},
  BOOKTITLE = {Proceedings of the Tenth European Conference on Computer Systems},
  PAGES = {26},
  MONTH = apr,
  YEAR = 2015,
}

% Aquifer
@INPROCEEDINGS{ne13,
  AUTHOR = {Adwait Nadkarni and William Enck},
  TITLE = {{Preventing Accidental Data Disclosure in Modern Operating Systems}},
  BOOKTITLE = {Proceedings of the ACM Conference on Computer and Communications Security (CCS)},
  MONTH = nov,
  YEAR = 2013,
}

% Weir
@INPROCEEDINGS{naej16,
  AUTHOR = {Adwait Nadkarni and Benjamin Andow and William Enck and Somesh Jha},
  TITLE = {{Practical DIFC Enforcement on Android}},
  BOOKTITLE = {Proceedings of the 25th USENIX Security Symposium},
  YEAR = 2016,
  MONTH = Aug,
}

% Dare
@INPROCEEDINGS{ojm12,
  AUTHOR = {Damien Octeau and Somesh Jha and Patrick McDaniel},
  TITLE = {{Retargeting Android Applications to Java Bytecode}},
  BOOKTITLE = {Procedings of the ACM SIGSOFT International Symposium on
    Foundations of Software Engineering (FSE)},
  MONTH = nov,
  YEAR = 2012,
}

%-- 2014 --------------------------------------------------------------

% PileUp vulnerabilities
@INPROCEEDINGS{xpw+14,
  AUTHOR = {Luyi Xing and Xiaorui Pan and Rui Wang and Kan Yuan and XiaoFeng Wang},
  TITLE = {{Upgrading Your Android, Elevating My Malware: Privilege Escalation
    through Mobile OS Updating}},
  BOOKTITLE = {Proceedings of the IEEE Symposium on Security and Privacy},
  YEAR = 2014,
}

% tags: OEM
@INPROCEEDINGS{zlz+14,
  AUTHOR = {Xiaoyong Zhou and Yeonjoon Lee and Nan Zhang and Muhammad Naveed and XiaoFeng Wang},
  TITLE = {{The Peril of Fragmentation: Security Hazards in Android Device
    Driver Customizations}},
  BOOKTITLE = {Proceedings of the IEEE Symposium on Security and Privacy},
  YEAR = 2014,
}

@INPROCEEDINGS{llw+14,
  AUTHOR = {Byoungyoung Lee and Long Lu and Tielei Wang and Taesoo Kim and Wenke Lee},
  TITLE = {{From Zygote to Morula: Fortifying Weakened ASLR on Android}},
  BOOKTITLE = {Proceedings of the IEEE Symposium on Security and Privacy},
  YEAR = 2014,
}


% tags: Privacy, Flow
@INPROCEEDINGS{arf+14,
  AUTHOR = {Steven Arzt and Siegfried Rasthofer and Christian Fritz and Eric
    Bodden and Alexandre Bartel and Jacques Klein and Yves le Traon and Damien
      Octeau and Patrick McDaniel},
  TITLE = {{FlowDroid: Precise Context, Flow, Field, Object-sensitive and
    Lifecycle-aware Taint Analysis for Android Apps}},
  BOOKTITLE = {Proceedings of the ACM SIGPLAN Conference on Programming
    Language Design and Implementation (PLDI)},
  YEAR = 2014,
}

% Tools Extending FlowDroid 
@INPROCEEDINGS{lbb+15,
 AUTHOR = {Li, Li and Bartel, Alexandre and Bissyand{\'e}, Tegawend{\'e} F. and Klein, Jacques and Le Traon, Yves and Arzt, Steven and Rasthofer, Siegfried and Bodden, Eric and Octeau, Damien and McDaniel, Patrick},
 TITLE = {IccTA: Detecting Inter-component Privacy Leaks in Android Apps},
 BOOKTITLE = {Proceedings of the 37th International Conference on Software Engineering - Volume 1},
 YEAR = {2015},
 PAGES = {280--291},
} 

% DidFail
@INPROCEEDINGS{kfb+14,
 AUTHOR = {Klieber, William and Flynn, Lori and Bhosale, Amar and Jia, Limin and Bauer, Lujo},
 TITLE = {{Android Taint Flow Analysis for App Sets}},
 BOOKTITLE = {Proceedings of the 3rd ACM SIGPLAN International Workshop on the State of the Art in Java Program Analysis},
 YEAR = {2014},
 PAGES = {1--6},
} 

@INPROCEEDINGS{yxa+15,
  AUTHOR={Yang, Wei and Xiao, Xusheng and Andow, Benjamin and Li, Sihan and Xie, Tao and Enck, William},
  TITLE={{AppContext: Differentiating Malicious and Benign Mobile App Behaviors using Context}},
  BOOKTITLE={Software engineering (ICSE), 2015 IEEE/ACM 37th IEEE international conference on},
  PAGES={303--313},
  YEAR={2015},
}

%Epicc
@INPROCEEDINGS{old+15,
 AUTHOR = {Octeau, Damien and Luchaup, Daniel and Dering, Matthew and Jha, Somesh and McDaniel, Patrick},
 TITLE = {{Composite Constant Propagation: Application to Android Inter-component Communication Analysis}},
 BOOKTITLE = {Proceedings of the 37th International Conference on Software Engineering - Volume 1},
 YEAR = {2015},
 PAGES = {77--88},
}

@INPROCEEDINGS{sr14,
 AUTHOR = {Sasnauskas, Raimondas and Regehr, John},
 TITLE = {{Intent Fuzzer: Crafting Intents of Death}},
 BOOKTITLE = {Proceedings of the 2014 Joint International Workshop on Dynamic Analysis (WODA) and Software and System Performance Testing, Debugging, and Analytics (PERTEA)},
 YEAR = {2014},
 PAGES = {1--5},
}

%Droidforce
@INPROCEEDINGS{ralb14,
  TITLE={Droidforce: Enforcing complex, data-centric, system-wide policies in android},
  AUTHOR={Rasthofer, Siegfried and Arzt, Steven and Lovat, Enrico and Bodden, Eric},
  BOOKTITLE={Availability, Reliability and Security (ARES), 2014 Ninth International Conference on},
  PAGES={40--49},
  YEAR={2014},
  organization={IEEE}
}

@INPROCEEDINGS{lbkl14,
  AUTHOR={Li, Li and Bartel, Alexandre and Klein, Jacques and Le Traon, Yves},
  TITLE={{Automatically exploiting potential component leaks in android applications}},
  BOOKTITLE={Trust, Security and Privacy in Computing and Communications (TrustCom), 2014 IEEE 13th International Conference on},
  PAGES={388--397},
  YEAR={2014},
}

@INPROCEEDINGS{nyy+15,
  TITLE={UIPicker: User-Input Privacy Identification in Mobile Applications.},
  AUTHOR={Nan, Yuhong and Yang, Min and Yang, Zhemin and Zhou, Shunfan and Gu, Guofei and Wang, XiaoFeng},
  BOOKTITLE={USENIX Security Symposium},
  PAGES={993--1008},
  YEAR={2015}
}


@INPROCEEDINGS{bbd16,
 AUTHOR = {Backes, Michael and Bugiel, Sven and Derr, Erik},
 TITLE = {{Reliable Third-Party Library Detection in Android and Its Security Applications}},
 BOOKTITLE = {Proceedings of the 2016 ACM SIGSAC Conference on Computer and Communications Security},
 YEAR = {2016},
 PAGES = {356--367},
 MON = oct,
} 

@INPROCEEDINGS{lljg15,
 AUTHOR = {Liu, Bin and Liu, Bin and Jin, Hongxia and Govindan, Ramesh},
 TITLE = {Efficient Privilege De-Escalation for Ad Libraries in Mobile Apps},
 BOOKTITLE = {Proceedings of the 13th Annual International Conference on Mobile Systems, Applications, and Services},
 YEAR = {2015},
 PAGES = {89--103},
}

@ARTICLE{lkb+17,
  TITLE={Tracking load-time configuration options},
  AUTHOR={{Lillack, Max and K{\"a}stner, Christian and Bodden, Eric}},
  JOURNAL={IEEE Transactions on Software Engineering},
  YEAR={2017},
}

@INPROCEEDINGS{swh+16,
 AUTHOR = {Slavin, Rocky and Wang, Xiaoyin and Hosseini, Mitra Bokaei and Hester, James and Krishnan, Ram and Bhatia, Jaspreet and Breaux, Travis D. and Niu, Jianwei},
 TITLE = {{Toward a Framework for Detecting Privacy Policy Violations in Android Application Code}},
 BOOKTITLE = {Proceedings of the 38th International Conference on Software Engineering},
 YEAR = {2016},
 PAGES = {25--36},
} 

@INPROCEEDINGS{azz+15,
 TITLE = {{Hare Hunting in the Wild Android: A Study on the Threat of Hanging Attribute References}},
 AUTHOR = {Aafer, Yousra and Zhang, Nan and Zhang, Zhongwen and Zhang, Xiao and Chen, Kai and Wang, XiaoFeng and Zhou, Xiaoyong and Du, Wenliang and Grace, Michael},
 BOOKTITLE = {Proceedings of the 22Nd ACM SIGSAC Conference on Computer and Communications Security},
 YEAR = {2015},
 PAGES = {1248--1259},
}

% MUDFLOW
@INPROCEEDINGS{akg+15,
  AUTHOR={Avdiienko, Vitalii and Kuznetsov, Konstantin and Gorla, Alessandra and Zeller, Andreas and Arzt, Steven and Rasthofer, Siegfried and Bodden, Eric},
  TITLE={{Mining apps for abnormal usage of sensitive data}},
  BOOKTITLE={Proceedings of the 37th International Conference on Software Engineering-Volume 1},
  PAGES={426--436},
  MONTH= may,
  YEAR= 2015,
}
%% Tools Extending FlowDroid end


%ASM
@INPROCEEDINGS{hnes14,
  AUTHOR = {Stephan Heuser and Adwait Nadkarni and William Enck and Ahmad-Reza Sadeghi},
  TITLE = {{ASM: A Programmable Interface for Extending Android Security}},
  BOOKTITLE = {Proceedings of the USENIX Security Symposium},
  MONTH = aug,
  YEAR = 2014,
}

@INPROCEEDINGS{bbgs14,
 AUTHOR = {Backes, Michael and Bugiel, Sven and Gerling, Sebastian and von Styp-Rekowsky, Philipp},
 TITLE = {{Android Security Framework: Extensible Multi-layered Access Control on Android}},
 BOOKTITLE = {Proceedings of the 30th Annual Computer Security Applications Conference},
 YEAR = {2014},
} 

@INPROCEEDINGS{bhj+14,
  AUTHOR = {Ravi Bhoraskar and Seungyeop Han and Jinseong Jeon and Tanzirul Azim and Shuo Chen and Jaeyeon Jung and Suman Nath and Rui Wang and  David Wetherall,},
  TITLE = {{Brahmastra: Driving Apps to Test the Security of Third-Party Components}},
  BOOKTITLE = {Proceedings of the USENIX Security Symposium},
  MONTH = aug,
  YEAR = 2014,
}

@INPROCEEDINGS{cqm14,
  AUTHOR = {Qi Alfred Chen and Zhiyun Qian and Z. Morley Mao},
  TITLE = {{Peeking into Your App without Actually Seeing It: UI State Inference and Novel Android Attacks}},
  BOOKTITLE = {Proceedings of the USENIX Security Symposium},
  MONTH = aug,
  YEAR = 2014,
}

@INPROCEEDINGS{mdn14,
  AUTHOR = {Yan Michalevsky and Dan Boneh and Gabi Nakibly},
  TITLE = {{Gyrophone: Recognizing Speech from Gyroscope Signals}},
  BOOKTITLE = {Proceedings of the USENIX Security Symposium},
  MONTH = aug,
  YEAR = 2014,
}

% NativeWrap
@INPROCEEDINGS{nte14,
  AUTHOR = {Adwait Nadkarni and Vasant Tendulkar and William Enck},
  TITLE = {{NativeWrap: Ad Hoc Smartphone Application Creation for End Users}},
  BOOKTITLE = {Proceedings of the ACM Conference on Security and Privacy in
    Wireless and Mobile Networks (WiSec)},
  MONTH = jul,
  YEAR = 2014,
}

@INPROCEEDINGS{bmcv14,
  AUTHOR = {David Barrera and Daniel McCarney and Jeremy Clark and Paul C. van Oorschot},
  TITLE = {{Baton: Certificate Agility for Android's Decentralized Signing Infrastructure}},
  BOOKTITLE = {Proceedings of the ACM Conference on Security and Privacy in
    Wireless and Mobile Networks (WiSec)},
  MONTH = jul,
  YEAR = 2014,
}

@INPROCEEDINGS{zhz+14,
  AUTHOR = {David Barrera and Daniel McCarney and Jeremy Clark and Paul C. van Oorschot},
  TITLE = {{ViewDroid: Towards Obfuscation-Resilient Mobile Application Repackaging Detection}},
  BOOKTITLE = {Proceedings of the ACM Conference on Security and Privacy in
    Wireless and Mobile Networks (WiSec)},
  MONTH = jul,
  YEAR = 2014,
}

@INPROCEEDINGS{homl14,
  AUTHOR = {Wenhui Hu and Damien Octeau and Patrick McDaniel and Peng Liu},
  TITLE = {{Duet: Library Integrity Verification for Android Applications}},
  BOOKTITLE = {Proceedings of the ACM Conference on Security and Privacy in
    Wireless and Mobile Networks (WiSec)},
  MONTH = jul,
  YEAR = 2014,
}

@INPROCEEDINGS{xz14,
  AUTHOR = {Zhen Xie and Sencun Zhu},
  TITLE = {{GroupTie: Toward Hidden Collusion Group Discovery in App Stores}},
  BOOKTITLE = {Proceedings of the ACM Conference on Security and Privacy in
    Wireless and Mobile Networks (WiSec)},
  MONTH = jul,
  YEAR = 2014,
}

@INPROCEEDINGS{st14,
  AUTHOR = {Mengtao Sun and Gang Tan},
  TITLE = {{NativeGuard: Protecting Android Applications from Third-Party Native Libraries}},
  BOOKTITLE = {Proceedings of the ACM Conference on Security and Privacy in
    Wireless and Mobile Networks (WiSec)},
  MONTH = jul,
  YEAR = 2014,
}

@INPROCEEDINGS{acmv14,
  AUTHOR = {Alessandro Armando and Gabriele Costa and Alessio Merlo and Luca Verderame},
  TITLE = {{Enabling BYOD through Secure Meta-Market}},
  BOOKTITLE = {Proceedings of the ACM Conference on Security and Privacy in
    Wireless and Mobile Networks (WiSec)},
  MONTH = jul,
  YEAR = 2014,
}

@INPROCEEDINGS{acrf14,
  AUTHOR = {Jagdish Prasad Achara and Mathieu Cunche and Vincent Roca and Aurelien Francillon},
  TITLE = {{WifiLeaks: Underestimated Privacy Implications of the ACCESS_WIFI_STATE Android Permission}},
  BOOKTITLE = {Proceedings of the ACM Conference on Security and Privacy in
    Wireless and Mobile Networks (WiSec)},
  MONTH = jul,
  YEAR = 2014,
  NOTE = {(short paper)},
}

% tags: malware
@MISC{per14,
  TITLE={{Local root vulnerability in Android 4.4.2}},
  AUTHOR={Perigaud, Fabien},
  HOWPUBLISHED = {\url{http://blog.cassidiancybersecurity.com/post/2014/06/Android-4.4.3,-or-fixing-an-old-local-root}},
  YEAR={2014},
}

@MISC{geo14,
  TITLE={{towelroot}},
  AUTHOR={George Hotz},
  HOWPUBLISHED = {\url{https://forum.xda-developers.com/showthread.php?t=2783157}},
  YEAR={2014},
}

@INPROCEEDINGS{hdge14,
  AUTHOR = {Tsung-Hsuan Ho and Daniel Dean and Xiaohui Gu and William Enck},
  TITLE = {{PREC: Practical Root Exploit Containment for Android Devices}},
  BOOKTITLE = {Proceedings of the Fourth ACM Conference on Data and Application
    Security and Privacy (CODASPY)},
  MONTH = mar,
  YEAR = 2014,
}

@INPROCEEDINGS{jsz16,
  AUTHOR={Jamrozik, Konrad and von Styp-Rekowsky, Philipp and Zeller, Andreas},
  TITLE={{Mining sandboxes}},
  BOOKTITLE={Software Engineering (ICSE), 2016 IEEE/ACM 38th International Conference on},
  PAGES={37--48},
  YEAR={2016},
  MONTH=may
}

% DexDiff
@INPROCEEDINGS{mtw14,
  AUTHOR = {Michael Mitchell and Guanyu Tian and Zhi Wang},
  TITLE = {{Systematic Audit of Third-Party Android Phones}},
  BOOKTITLE = {Proceedings of the Fourth ACM Conference on Data and Application
    Security and Privacy (CODASPY)},
  MONTH = mar,
  YEAR = 2014,
}

@INPROCEEDINGS{mtw14,
  AUTHOR = {Wu Zhou and Zhi Wang and Yajin Zhou and Xuxian Jiang},
  TITLE = {{DIVILAR: Diversifying Intermediate Language for AntiRepackaging
on Android Platform}},
  BOOKTITLE = {Proceedings of the Fourth ACM Conference on Data and Application
    Security and Privacy (CODASPY)},
  MONTH = mar,
  YEAR = 2014,
}

% BlueSeal
@INPROCEEDINGS{svt+14,
  AUTHOR = {Feng Shen and Namita Vishnubhotla and Chirag Todarka and Mohit
    Arora and Babu Dhandapani and Steven Y. Ko and Lukasz Ziarek},
  TITLE = {{Information Flows as a Permission Mechanism}},
  BOOKTITLE = {Proceedings of the IEEE/ACM International Conference on
    Automated Software Engineering (ASE)},
  YEAR = 2014,
}

% PlayDrone
@INPROCEEDINGS{vgn14,
  AUTHOR = {Nicolas Viennot and Edward Garcia and Jason Nieh},
  TITLE = {{A Measurement Study of Google Play}},
  BOOKTITLE = {Proceedings of the ACM International Conference on Measurement
    and Modeling of Computer Systems (SIGMETRICS)},
  MONTH = jun,
  YEAR = 2014,
}

% CHABADA
% tags: NLP
@INPROCEEDINGS{gtgz14,
  AUTHOR = {Alessandra Gorla and Ilaria Tavecchia and Florian Gross and Andreas Zeller},
  TITLE = {{Checking App Behavior Against App Descriptions}},
  BOOKTITLE = {Proceedings of the International Conference on Software Engineering (ICSE)},
  YEAR = 2014,
}

% SROP
@INPROCEEDINGS{bb14,
  AUTHOR = {Erik Bosman and Herbert Bos},
  TITLE = {{Framing Signals — A Return to Portable Shellcode}},
  BOOKTITLE = {Proceedings of the IEEE Symposium on Security and Privacy},
  MONTH = may,
  YEAR = 2014,
}

% Capper
% tags: privacy, IRM
@INPROCEEDINGS{zy14b,
  AUTHOR = {Mu Zhang and Heng Yin},
  TITLE = {{Efficient, Context-Aware Privacy Leakage Confinement for Android
    Applications without Firmware Modding}},
  BOOKTITLE = {Proceedings of the ACM symposium on Information, Computer and
    Communications Security (ASIACCS)},
  YEAR = 2014,
}

% tags: privacy
@ARTICLE{xtf+15,
  AUTHOR = {Xiao, Xusheng and Tillmann, Nikolai and Fahndrich, Manuel and de Halleux, Jonathan and Moskal, Michal and Xie, Tao},
  TITLE = {User-aware privacy control via extended static-information-flow analysis},
  JOURNAL = {Automated Software Engineering},
  YEAR = {2015},
  MONTH = Sep,
  VOLUME = {22},
  NUMBER = {3},
  PAGES = {333--366},
}

% SPAG-C
% tags: testing
% TODO: needs final volume/number
@ARTICLE{lrcl14,
  AUTHOR = {Ying-Dar Lin and Jose F. Rojas and Edward T.-H. Chu and Yuan-Cheng Lai},
  TITLE = {{On the Accuracy, Efficiency, and Reusability of Automated Test
    Oracles for Android Devices}},
  JOURNAL = {IEEE Transactions on Software Engineering (TSE)},
  VOLUME = {PP},
  NUMBER = {99},
  MONTH = jun,
  YEAR = 2014,
}

% tags: testing
@INPROCEEDINGS{llz+14,
  AUTHOR = {Chieh-Jan Mike Liang and Nicholas D. Lane and Niels Brouwers and Li Zhang and 
    B\:{o}rje F. Karlsson and Hao Liu and Yan Liu and Jun Tang and Xiang Shan and 
      Ranveer Chandra and Feng Zhao},
  TITLE = {{Caiipa: Automated Large-scale Mobile App Testing through Contextual Fuzzing}},
  BOOKTITLE= {Proceedings of the ACM International Conference on Mobile
    Computing and Networking (MobiCom)},
  MONTH = sep,
  YEAR = 2014,
}

% NDroid
% code: https://github.com/0-14N/NDroid
@INPROCEEDINGS{qlsc14,
  AUTHOR = {Chenxiong Qian and Xiapu Luo and Yuru Shao and Alvin T.S. Chan},
  TITLE = {{On Tracking Information Flows through JNI in Android Applications}},
  BOOKTITLE = {Proceedings of the IEEE/IFIP International Conference on
    Dependable Systems and Networks (DSN)},
  MONTH = jun,
  YEAR = 2014,
}

@INPROCEEDINGS{mhk+14,
  AUTHOR = {Markus Miettinen and Stephan Heuser and Wiebke Kronz and Ahmad-Reza
    Sadeghi and N. Asokan},
  TITLE = {{ConXsense - Context Profiling and Classification for Context-Aware Access Control}},
  BOOKTITLE = {Proceedings of the ACM Symposium on Information, Computer and
    Communications Security (ASIACCS)},
  YEAR = 2014,
}

% tags: malware
% Invited talk?
@INPROCEEDINGS{fada14,
  AUTHOR = {Yu Feng and Saswat Anand and Isil Dillig and Alex Aiken},
  TITLE = {{Apposcopy: Semantics-Based Detection of Android Malware through
    Static Analysis}},
  BOOKTITLE = {Procedings of the ACM SIGSOFT International Symposium on
    Foundations of Software Engineering (FSE)},
  MONTH = nov,
  YEAR = 2014,
}

@INPROCEEDINGS{eyr12,
  AUTHOR = {Elish, Karim O and Yao, Danfeng and Ryder, Barbara G},
  TITLE = {User-centric dependence analysis for identifying malicious mobile apps},
  BOOKTITLE = {Workshop on Mobile Security Technologies},
  YEAR = {2012}
}

@INPROCEEDINGS{wey14,
  AUTHOR = {Britton Wolfe and Karim O. Elish and Danfeng (Daphne) Yao},
  TITLE = {{Comprehensive Behavior Profiling for Proactive Android Malware Detection}},
  BOOKTITLE = {Proceedings of the International Conference on Information Security (ISC)},
  MONTH = oct,
  YEAR = 2014,
}

@INPROCEEDINGS{anm14,
  AUTHOR = {Tanzirul Azim and Iulian Neamtiu and Lisa Marvel},
  TITLE = {{Towards Self-healing Smartphone Software via Automated Patching}},
  BOOKTITLE = {Proceedings fo the IEEE/ACM International Conference on Automated Software Engineering (ASE)},
  MONTH = sep,
  YEAR = 2014,
  NOTE = {New ideas track},
}

@INPROCEEDINGS{cgl+14,
  AUTHOR = {Landon P. Cox and Peter Gilbert and Geoffrey Lawler and Valentin
    Pistol and Ali Razeen and Bi Wu and Sai Cheemalapati},
  TITLE = {{SpanDex: Secure Password Tracking for Android}},
  BOOKTITLE = {Proceedings of the USENIX Security Symposium},
  MONTH = aug,
  YEAR = 2014,
}

% tags: NLP
@INPROCEEDINGS{qrz+14,
  AUTHOR = {Zhengyang Qu and Vaibhav Rastogi and Xinyi Zhang and Yan Chen and
    Tiantian Zhu and Zhong Chen},
  TITLE = {{AutoCog: Measuring the Description-to-permission Fidelity in
    Android Applications}},
  BOOKTITLE = {Proceedings of the ACM Conference on Computer and Communications
    Security (CCS)},
  MONTH = nov,
  YEAR = 2014,
}

@INPROCEEDINGS{fs14,
  AUTHOR = {Kassem Fawaz and Kang Shin},
  TITLE = {{Location Privacy Protection for Smartphone Users}},
  BOOKTITLE = {Proceedings of the ACM Conference on Computer and Communications
    Security (CCS)},
  MONTH = nov,
  YEAR = 2014,
}

@INPROCEEDINGS{ejp+14,
  AUTHOR = {Serge Egelman and Sakshi Jain and Rebecca Pottenger and Kerwell Liao and Sunny Consolvo and David Wagner},
  TITLE = {{Are You Ready to Lock? Understanding User Motivations for Smartphone Locking Behaviors}},
  BOOKTITLE = {Proceedings of the ACM Conference on Computer and Communications
    Security (CCS)},
  MONTH = nov,
  YEAR = 2014,
}

% BayesDroid
% tags: privacy, study
@INPROCEEDINGS{tr14,
  AUTHOR = {Omer Tripp and Julia Rubin},
  TITLE = {{A Bayesian Approach to Privacy Enforcement in Smartphones}},
  BOOKTITLE = {Proceedings of the USENIX Security Symposium},
  MONTH = aug,
  YEAR = 2014,
}

% tags: malware
@INPROCEEDINGS{ltta14,
  AUTHOR = {Eemil Lagerspetz and Hien Thi Thu Truong and Sasu Tarkoma and N. Asokan},
  TITLE = {{MDoctor: A Mobile Malware Prognosis Application}},
  BOOKTITLE = {Proceedings of the IEEE International Conference on Distributed
    Computing Systems Workshops (ICDCSW)},
  MONTH = jul,
  YEAR = 2014,
}

@INPROCEEDINGS{jhy+14,
  AUTHOR = {Xing Jin and Xunchao Hu and Kailiang Ying and Wenliang Du and Heng
    Yin and Gautam Nagesh Peri},
  TITLE = {{Code Injection Attacks on HTML5-based Mobile Apps:
    Characterization, Detection and Mitigation}},
  BOOKTITLE = {Proceedings of the ACM Conference on Computer and Communications
    Security (CCS)},
  MONTH = nov,
  YEAR = 2014,
}

% DroidSIFT
% tags: malware
@INPROCEEDINGS{zdyz14,
  AUTHOR = {Mu Zhang and Yue Duan and Heng Yin and Zhiruo Zhao},
  TITLE = {{Semantics-Aware Android Malware Classification Using Weighted
    Contextual API Dependency Graphs}},
  BOOKTITLE = {Proceedings of the ACM Conference on Computer and Communications
    Security (CCS)},
  MONTH = nov,
  YEAR = 2014,
}

@INPROCEEDINGS{lms+14,
  AUTHOR = {Steffen Lortz and Heiko Mantel and Artem Starostin and Timo
    B\"{a}hr and David Schneider and Alexandra Weber},
  TITLE = {{Cassandra: Towards a Certifying App Store for Android}},
  BOOKTITLE = {Proceedings of the ACM Workshop on Security and Privacy
    in Mobile Devices (SPSM)},
  MONTH = nov,
  YEAR = 2014,
}

@INPROCEEDINGS{ahrb14,
  AUTHOR = {Steven Arzt, Stephan Huber, Siegfried Rasthofer, Eric Bodden},
  TITLE = {{Denial-of-App Attack: Inhibiting the Installation of Android Apps
    on Stock Phones}},
  BOOKTITLE = {Proceedings of the ACM Workshop on Security and Privacy
    in Mobile Devices (SPSM)},
  MONTH = nov,
  YEAR = 2014,
}

% tags: malware
@INPROCEEDINGS{vtn+14,
  AUTHOR = {Timothy Vidas and Jiaqi Tan and Jay Nahata and Chaur Lih Tan and
    Nicolas Christin and Patrick Tague},
  TITLE = {{A5: Automated Analysis of Adversarial Android Applications}},
  BOOKTITLE = {Proceedings of the ACM Workshop on Security and Privacy
    in Mobile Devices (SPSM)},
  MONTH = nov,
  YEAR = 2014,
}

% tags: malware, study
@INPROCEEDINGS{ajb+14,
  AUTHOR = {Kevin Allix and Quentin Jerome and Tegawend\'{e} F. Bissyand\'{e}
    and Jacques Klein and Radu State and Yves Le Traon},
  TITLE = {{A Forensic Analysis of Android Malware: How is Malware Written and
    How it Could be Detected?}},
  BOOKTITLE = {Proceedings of the IEEE Annual International Computers, Software
    and Applications Conference (COMPSAC)},
  MONTH = jul,
  YEAR = 2014,
}

% tags: NLP
@INPROCEEDINGS{hzt+14,
  AUTHOR = {Jianjun Huang and Xiangyu Zhang and Lin Tan and Peng Wang and Bin Liang},
  TITLE = {{AsDroid: Detecting Stealthy Behaviors in Android Applications by
    User Interface and Program Behavior Contradiction}},
  BOOKTITLE = {Proceedings of the International Conference on Software
    Engineering (ICSE)},
  YEAR = 2014,
  MONTH = jun,
}


% tags: study
@INPROCEEDINGS{cpc+14,
  AUTHOR = {Eric Chen and Yutong Pei and Shuo Chen and Yuan Tian and Robert
    Kotcher and Patrick Tague},
  TITLE = {{OAuth Demystified for Mobile Application Developers}},
  BOOKTITLE = {Proceedings of the ACM Conference on Computer and Communications
    Security (CCS)},
  MONTH = nov,
  YEAR = 2014,
}

@INPROCEEDINGS{wror14,
  AUTHOR = {Fengguo Wei, Sankardas Roy, Xinming Ou and Robby},
  TITLE = {{Amandroid: A Precise and General Inter-component Data Flow Analysis Framework for Security Vetting of Android Apps}},
  BOOKTITLE = {Proceedings of the ACM Conference on Computer and Communications
    Security (CCS)},
  MONTH = nov,
  YEAR = 2014,
}

@INPROCEEDINGS{ejm+14,
  AUTHOR = {Michael D. Ernst and René Just and Suzanne Millstein and Werner Dietl and Stuart Pernsteiner and Franziska Roesner and Karl Koscher and Paulo Barros and Ravi Bhoraskar and Seungyeop Han and Paul Vines and Edward Wu},
  TITLE = {{Collaborative Verification of Information Flow for a High-Assurance App Store}},
  BOOKTITLE = {Proceedings of the ACM Conference on Computer and Communications
    Security (CCS)},
  MONTH = nov,
  YEAR = 2014,
}

@INPROCEEDINGS{sbl+14,
  AUTHOR = {Riley Spahn and Jonathan Bell and Michael Lee and Sravan
    Bhamidipati and Roxana Geambasu and Gail Kaiser},
  TITLE = {{Pebbles: Fine-Grained Data Management Abstractions for Modern
    Operating Systems}},
  BOOKTITLE = {Proceedings of the USENIX Operating Systems Design and
    Implementation (OSDI)},
  MONTH = oct,
  YEAR = 2014,
}


@INPROCEEDINGS{jzah14,
  AUTHOR = {Yiming Jing and Ziming Zhao and Gail-Joon Ahn and Hongxin Hu},
  TITLE = {{Morpheus: Automatically Generating Heuristics to Detect Android Emulators}},
  BOOKTITLE = {Proceedings of the Annual Computer Security
    Applications Conference (ACSAC)},
  MONTH = dec,
  YEAR = 2014,
}

@INPROCEEDINGS{dfl14,
  AUTHOR = {Drew Davidson and Matt Fredrikson and Benjamin Livshits},
  TITLE = {{MoRePriv: Mobile Os Support For Application Personalization And Privacy}},
  BOOKTITLE = {Proceedings of the Annual Computer Security
    Applications Conference (ACSAC)},
  MONTH = dec,
  YEAR = 2014,
}

@INPROCEEDINGS{bbg14,
  AUTHOR = {Michael Bakes and Sven Bugiel and Sebastian Gerling},
  TITLE = {{Scippa: System-Centric IPC Provenance on Android}},
  BOOKTITLE = {Proceedings of the Annual Computer Security
    Applications Conference (ACSAC)},
  MONTH = dec,
  YEAR = 2014,
}

@INPROCEEDINGS{bbgv14,
  AUTHOR = {Michael Backes and Sven Bugiel and Sebastian Gerling and Philipp von Styp-Rekowsky},
  TITLE = {{Android Security Framework: Extensible Multi-Layered Access Control on Android}},
  BOOKTITLE = {Proceedings of the Annual Computer Security
    Applications Conference (ACSAC)},
  MONTH = dec,
  YEAR = 2014,
}

@INPROCEEDINGS{slq+14,
  AUTHOR = {Yuru Shao and Xiapu Luo and Chenxiong Qian and Pengfei Zhu and Lei Zhang},
  TITLE = {{Towards a Salable Resource-driven Approach for Detecting Repackaged Android Applications}},
  BOOKTITLE = {Proceedings of the Annual Computer Security
    Applications Conference (ACSAC)},
  MONTH = dec,
  YEAR = 2014,
}

% tags: usability
@ARTICLE{gclp14,
  AUTHOR = {Christopher S. Gates and Jing Chen and Ninghui Li and Robert W. Proctor},
  TITLE = {{Effective Risk Communication for Android Apps}},
  JOURNAL = {IEEE Transactions on Dependable and Secure Computing},
  VOLUME = 11,
  NUMBER = 3,
  YEAR = 2014,
}

% SUSI
@INPROCEEDINGS{arb14,
  AUTHOR = {Steven Arzt and Siegfried Rasthofer and Eric Bodden},
  TITLE = {{A Machine-learning Approach for Classifying and Categorizing Android Sources and Sinks}},
  BOOKTITLE = {Proceedings of the ISOC Network and Distributed Systems
    Symposium (NDSS)},
  MONTH = feb,
  YEAR = 2014,
}

@INPROCEEDINGS{ssl+14,
  AUTHOR = {David Sounthiraraj and Justin Sahs and Zhiqiang Lin and Latifur Khan and Garrett Greenwood},
  TITLE = {{SMV-Hunter: Large Scale, Automated Detection of SSL/TLS Man-in-the-Middle Vulnerabilities in Android Apps}},
  BOOKTITLE = {Proceedings of the ISOC Network and Distributed Systems
    Symposium (NDSS)},
  MONTH = feb,
  YEAR = 2014,
}

@INPROCEEDINGS{fhm+12,
 AUTHOR = {Fahl, Sascha and Harbach, Marian and Muders, Thomas and Baumg\"{a}rtner, Lars and Freisleben, Bernd and Smith, Matthew},
 TITLE = {Why Eve and Mallory Love Android: An Analysis of Android SSL (in)Security},
 BOOKTITLE = {Proceedings of the 2012 ACM Conference on Computer and Communications Security},
 YEAR = {2012},
}

@INPROCEEDINGS{ebfk13,
 AUTHOR = {Egele, Manuel and Brumley, David and Fratantonio, Yanick and Kruegel, Christopher},
 TITLE = {{An Empirical Study of Cryptographic Misuse in Android Applications}},
 BOOKTITLE = {Proceedings of the 2013 ACM SIGSAC Conference on Computer \& Communications Security},
 YEAR = {2013},
} 
  
@INPROCEEDINGS{wzp+14,
  AUTHOR = {Chiachih Wu and Yajin Zhou and Kunal Patel and Zhenkai Liang and Xuxian Jiang},
  TITLE = {{AirBag: Boosting Smartphone Resistance to Malware Infection}},
  BOOKTITLE = {Proceedings of the ISOC Network and Distributed Systems
    Symposium (NDSS)},
  MONTH = feb,
  YEAR = 2014,
}
  
@INPROCEEDINGS{zy14a,
  AUTHOR = {Mu Zhang and Heng Yin},
  TITLE = {{AppSealer: Automatic Generation of Vulnerability-Specific Patches for Preventing Component Hijacking Attacks in Android Applications}},
  BOOKTITLE = {Proceedings of the ISOC Network and Distributed Systems
    Symposium (NDSS)},
  MONTH = feb,
  YEAR = 2014,
}

@INPROCEEDINGS{pfb+14,
  AUTHOR = {Sebastian Poeplau and Yanick Fratantonio and Antonio Bianchi and Christopher Kruegel and Giovanni Vigna},
  TITLE = {{Execute This! Analyzing Unsafe and Malicious Dynamic Code Loading in Android Applications}},
  BOOKTITLE = {Proceedings of the ISOC Network and Distributed Systems
    Symposium (NDSS)},
  MONTH = feb,
  YEAR = 2014,
}

@INPROCEEDINGS{ash+14,
  AUTHOR = {Daniel Arp and Michael Spreitzenbarth and Malte H\"{u}bner and Hugo Gascon and Konrad Rieck},
  TITLE = {{DREBIN: Effective and Explainable Detection of Android Malware in Your Pocket}},
  BOOKTITLE = {Proceedings of the ISOC Network and Distributed Systems
    Symposium (NDSS)},
  MONTH = feb,
  YEAR = 2014,
}

@INPROCEEDINGS{llzw14,
  AUTHOR = {Chia-Chi Lin and Hongyang Li and Xiaoyong Zhou and XiaoFeng Wang},
  TITLE = {{Screenmilker: How to Milk Your Android Screen for Secrets}},
  BOOKTITLE = {Proceedings of the ISOC Network and Distributed Systems
    Symposium (NDSS)},
  MONTH = feb,
  YEAR = 2014,
}

@INPROCEEDINGS{drx+14,
  AUTHOR = {Sanorita Dey and Nirupam Roy and Wenyuan Xu and Romit Roy Choudhury and Srihari Nelakuditi},
  TITLE = {{AccelPrint: Imperfections of Accelerometers Make Smartphones Trackable}},
  BOOKTITLE = {Proceedings of the ISOC Network and Distributed Systems
    Symposium (NDSS)},
  MONTH = feb,
  YEAR = 2014,
}

@INPROCEEDINGS{mks+14,
  AUTHOR = {Claudio Marforio and Nikolaos Karapanos and Claudio Soriente and Kari Kostiainen and Srdjan Capkun},
  TITLE = {{Smartphones as Practical and Secure Location Verification Tokens for Payments}},
  BOOKTITLE = {Proceedings of the ISOC Network and Distributed Systems
    Symposium (NDSS)},
  MONTH = feb,
  YEAR = 2014,
}

@INPROCEEDINGS{gjs14,
  AUTHOR = {Martin Georgiev and Suman Jana and Vitaly Shmatikov},
  TITLE = {{Breaking and Fixing Origin-Based Access Control in Hybrid Web/Mobile Application Frameworks}},
  BOOKTITLE = {Proceedings of the ISOC Network and Distributed Systems
    Symposium (NDSS)},
  MONTH = feb,
  YEAR = 2014,
}

@INPROCEEDINGS{znd+14,
  AUTHOR = {Muhammad Naveed and Xiaoyong Zhou and Soteris Demetriou and XiaoFeng Wang and Carl Gunter},
  TITLE = {{Inside Job: Understanding and Mitigating the Threat of External Device Mis-Binding on Android}},
  BOOKTITLE = {Proceedings of the ISOC Network and Distributed Systems
    Symposium (NDSS)},
  MONTH = feb,
  YEAR = 2014,
}

%%% leave this at the bottom until I find the venue and confirm details
% IccTA

@INPROCEEDINGS{lbk+14,
  AUTHOR = {Li Li and Alexandre Bartel and Jacques Klein and Yves Le Traon and
    Steven Arzt and Siegfried Rasthofer and Eric Bodden and Damien Octeau and
      Patrick McDaniel},
  TITLE = {{I Know What Leaked in Your Pocket: Uncovering Privacy Leaks on
    Android Apps with Static Taint Analysis}},
  BOOKTITLE = {CoRR},
  YEAR = 2014,
}

@ARTICLE{bkml14,
  AUTHOR = {Alexandre Bartel and Jacques Klein and Martin Monperrus and Yves Le Traon},
  TITLE = {{Static Analysis for Extracting Permission Checks of a Large Scale Framework: The Challenges And Solutions for Analyzing Android}},
  JOURNAL = {IEEE Transactions on Software Engineering (TSE)},
  VOLUME = 40,
  NUMBER = 6,
  MONTH = jun,
  YEAR = 2014,
}

%-- 2015 --------------------------------------------------------------

@INPROCEEDINGS{gkp+15,
  AUTHOR = {Michael I. Gordon and Deokhwan Kim and Jeff Perkins and Limei Gilham and Nguyen Nguyen and Martin Rinard},
  TITLE = {{Information Flow Analysis of Android Applications in DroidSafe}},
  BOOKTITLE = {Proceedings of the ISOC Network and Distributed Systems
    Symposium (NDSS)},
  MONTH = feb,
  YEAR = 2015,
}

% SEACAT
@INPROCEEDINGS{dzn+15,
  AUTHOR = {Soteris Demetriou and Xiaoyong Zhou and Muhammad Naveed and Yeonjoon Lee and Kan Yuan and Xiaofeng Wang and Carl A. Gunter},
  TITLE = {{What's in Your Dongle and Bank Account?  Mandatory and Discretionary Protection of Android External Resources}},
  BOOKTITLE = {Proceedings of the ISOC Network and Distributed Systems
    Symposium (NDSS)},
  MONTH = feb,
  YEAR = 2015,
}

@INPROCEEDINGS{cfb+15,
  AUTHOR = {Yinzhi Cao and Yanick Fratantonio and Antonio Bianchi and Manuel Egele and Christopher Kruegel and Giovanni Vigna and Yan Chen},
  TITLE = {{EdgeMiner: Automatically Detecting Implicit Control Flow Transitions through the Android Framework}},
  BOOKTITLE = {Proceedings of the ISOC Network and Distributed Systems
    Symposium (NDSS)},
  MONTH = feb,
  YEAR = 2015,
}

@INPROCEEDINGS{tfkc15,
  AUTHOR = {Kimberly Tam and Aristide Fattori and Salahuddin J. Khan and Lorenzo Cavallaro},
  TITLE = {{CopperDroid: Automatic Reconstruction of Android Malware Behaviors}},
  BOOKTITLE = {Proceedings of the ISOC Network and Distributed Systems
    Symposium (NDSS)},
  MONTH = feb,
  YEAR = 2015,
}

@INPROCEEDINGS{wswj15,
  AUTHOR = {Xueqiang Wang and Kun Sun and Yuewu Wang and Jiwu Jing},
  TITLE = {{DeepDroid: Dynamically Enforcing Enterprise Policy on Android Devices}},
  BOOKTITLE = {Proceedings of the ISOC Network and Distributed Systems
    Symposium (NDSS)},
  MONTH = feb,
  YEAR = 2015,
}

@INPROCEEDINGS{wswj15,
  AUTHOR = {Timothy M. Peters and Mark A. Gondree and Zachary N. J. Peterson},
  TITLE = {{DEFY: A Deniable, Encrypted File System for Log-Structured Storage}},
  BOOKTITLE = {Proceedings of the ISOC Network and Distributed Systems
    Symposium (NDSS)},
  MONTH = feb,
  YEAR = 2015,
}

@INPROCEEDINGS{zag+15,
  AUTHOR = {Yury Zhauniarovich and Maqsood Ahmad and Olga Gadyatskaya and Bruno
    Crispo and Fabio Massacci},
  TITLE = {{StaDynA: Addressing the Problem of Dynamic Code Updates
in the Security Analysis of Android Applications}},
  BOOKTITLE = {Proceedings of the Fourth ACM Conference on Data and Application
    Security and Privacy (CODASPY)},
  MONTH = mar,
  YEAR = 2015,
}

@INPROCEEDINGS{cgj+15,
  AUTHOR = {Jing Chen and Christopher S. Gates and Zach Jorgensen and Ninghui Li and Robert W. Proctor and Ting Yu},
  TITLE = {{Dimensions of Risk in Mobile Applications: A User Study}},
  BOOKTITLE = {Proceedings of the Fourth ACM Conference on Data and Application
    Security and Privacy (CODASPY)},
  MONTH = mar,
  YEAR = 2015,
}

@INPROCEEDINGS{xz15,
  AUTHOR = {Zhi Xu and Sencun Zhu},
  TITLE = {{SemaDroid: A Privacy-Aware Sensor Management Framework for Smartphones}},
  BOOKTITLE = {Proceedings of the Fourth ACM Conference on Data and Application
    Security and Privacy (CODASPY)},
  MONTH = mar,
  YEAR = 2015,
}

% AppAudit
% tag: unread
@INPROCEEDINGS{xgl+15,
  AUTHOR = {Mingyuan Xia and Lu Gong and Yuanhao Lyu and Zhengwei Qi and Xue Liu},
  TITLE = {{Effective Real-time Android Application Auditing}},
  BOOKTITLE = {Proceedings of the IEEE Symposium on Security and Privacy},
  MONTH = may,
  YEAR = 2015,
}

@INPROCEEDINGS{xgl+15,
  AUTHOR = {Antonio Bianchi and Jacopo Corbetta and Luca Invernizzi and Yanick Fratantonio and Christopher Kruegel and Giovanni Vigna},
  TITLE = {{What the App is That? Deception and Countermeasures in the Android User Interface}},
  BOOKTITLE = {Proceedings of the IEEE Symposium on Security and Privacy},
  MONTH = may,
  YEAR = 2015,
}

% App Guardian
% tags: unread
@INPROCEEDINGS{xgl+15,
  AUTHOR = {Nan Zhang and Kan Yuan and Muhammad Naveed and Xiaoyong Zhou and XiaoFeng Wang },
  TITLE = {{Leave Me Alone: App-level Protection Against Runtime Information Gathering on Android}},
  BOOKTITLE = {Proceedings of the IEEE Symposium on Security and Privacy},
  MONTH = may,
  YEAR = 2015,
}

% tags: mobile money
@INPROCEEDINGS {rsb+15,
  AUTHOR = {Bradley Reaves and Nolen Scaife and Adam Bates and Patrick Traynor and Kevin R.B. Butler},
  TITLE = {Mo(bile) Money, Mo(bile) Problems: Analysis of Branchless Banking Applications in the Developing World},
  BOOKTITLE = {Proceedings of the 24th {USENIX} Security Symposium ({USENIX} Security 15)},
  YEAR = {2015},
  PAGES = {17--32},
  MON = AUG,
}

% tags: taxonomy
@ARTICLE{rbg+16,
  TITLE={{* droid: Assessment and Evaluation of Android Application Analysis Tools}},
  AUTHOR={Reaves, Bradley and Bowers, Jasmine and Gorski III, Sigmund Albert and Anise, Olabode and Bobhate, Rahul and Cho, Raymond and Das, Hiranava and Hussain, Sharique and Karachiwala, Hamza and Scaife, Nolen and Wright, Byron and Butler, Kevin and Enck, William and Traynor, Patrick},
  JOURNAL={ACM Computing Surveys (CSUR)},
  VOLUME={49},
  NUMBER={3},
  PAGES={55},
  YEAR={2016},
  PUBLISHER={ACM}
}

% Add ICSE 2015
% Go back a few years and add ASE, FSE, and ICSE

%-- 2016 --------------------------------------------------------------

%-- Not Yet Published (e.g., found on Google Scholar) -----------------

% TODO: I think there is an update TR or publication for this
@MISC{fcf11,
  AUTHOR = {Adam P. Fuchs and Avik Chaudhuri and Jeffrey S. Foster},
  TITLE = {{ScanDroid: Automated Security Certification of Android Applications}},
  HOWPUBLISHED = {\url{http://www.cs.umd.edu/~avik/projects/scandroidascaa/paper.pdf}},
  NOTE = {Accessed January 11, 2011},
}

@INPROCEEDINGS{soc+16,
  TITLE={{Kratos: Discovering Inconsistent Security Policy Enforcement in the Android Framework}},
  AUTHOR={Yuru Shao and Jason Ott and Qi Alfred Chen and Zhiyun Qian and Zhuoqing Morley Mao},
  BOOKTITLE={Proceedings of the 23rd Network and Distributed System Security Symposium (NDSS'16)},
  YEAR={2016},
  MONTH = {February},
}

@INPROCEEDINGS{vc14,
  TITLE={Evading android runtime analysis via sandbox detection},
  AUTHOR={Vidas, Timothy and Christin, Nicolas},
  BOOKTITLE={Proceedings of the 9th ACM symposium on Information, computer and communications security},
  YEAR={2014},
}

@INPROCEEDINGS{rk13,
  TITLE={{Securing embedded user interfaces: Android and beyond}},
  AUTHOR={Roesner, Franziska and Kohno, Tadayoshi},
  BOOKTITLE={Presented as part of the 22nd USENIX Security Symposium (USENIX Security 13)},
  YEAR={2013}
}

@INPROCEEDINGS {bbh+15,
  AUTHOR = {Michael Backes and Sven Bugiel and Christian Hammer and Oliver Schranz and Philipp von Styp-Rekowsky},
  TITLE = {{Boxify: Full-fledged App Sandboxing for Stock Android}},
  BOOKTITLE = {24th USENIX Security Symposium (USENIX Security 15)},
  YEAR = {2015},
  MONTH = aug,
}

@INPROCEEDINGS{adh+11,
  AUTHOR = {Andrus, Jeremy and Dall, Christoffer and Hof, Alexander Van't and Laadan, Oren and Nieh, Jason},
  TITLE = {{Cells: A Virtual Mobile Smartphone Architecture}},
  BOOKTITLE = {Proceedings of the Twenty-Third ACM Symposium on Operating Systems Principles},
  PAGES = {173--187},
  YEAR = {2011},
}

% Grayware Android
@INPROCEEDINGS{anb+16,
  AUTHOR={Andow, Benjamin and Nadkarni, Adwait and Bassett, Blake and Enck, William and Xie, Tao},
  TITLE={{A Study of Grayware on Google Play}},
  BOOKTITLE={Proceedings of the IEEE Mobile Security Technologies workshop (MoST)},
  YEAR={2016},
  month=May,    
}

% Mutation Analysis
@INPROCEEDINGS{bkm+18,
  author={Richard Bonett and Kaushal Kafle and Kevin Moran and Adwait Nadkarni and Denys Poshyvanyk},
  title={{Discovering Flaws in Security-Focused Static Analysis Tools for Android using Systematic Mutation}},
  booktitle={Proceedings of the 27th USENIX Security Symposium},
  year={2018},
  address = {Baltimore, MD, USA},
  month= aug,   
}


% http://www.ai-lab.it/costa/publications/techrep.pdf
% Android Permissions Unleashed
% A Armando, R Carbone, G Costa

% http://www.comp.nus.edu.sg/~jiayaoqi/publications/droid-vault.pdf
% DroidVault: A Trusted Data Vault for Android Devices
% X Li, H Hu, G Bai, Y Jia, Z Liang, P Saxena

% http://research.microsoft.com/pubs/211962/smash_msr-tr-2014-44.pdf
% Towards Scalable Automated Mobile App Testing
% R Chandra, BF Karlsson, ND Lane, CJM Liang, S Nath…

% http://xiayubin.com/shared/publications/precrime-apsys14.pdf
% PreCrime to the Rescue: Defeating Mobile Malware One-step Ahead
% C Tan, H Li, Y Xia, B Zang, CK Chu, T Li - 2014

% http://ieeexplore.ieee.org/xpl/login.jsp?tp=&arnumber=6834956
% A Two-Layered Permission-Based Android Malware Detection Scheme
% X Liu, J Liu - Mobile Cloud Computing, Services, and Engineering ( …, 2014

% http://arxiv.org/pdf/1406.2041.pdf
% Platform-Centric Android Monitoring---Modular and Efficient
% JC Kuester, A Bauer - arXiv preprint arXiv:1406.2041, 2014

% https://usukitacs.com/sites/default/files/NSDI14.pdf
% ipShield: A Framework For Enforcing Context-Aware Privacy on Android
% S Chakraborty, C Shen, KR Raghavan, M Millar…

% http://homes.cs.washington.edu/~mernst/pubs/infoflow-tr140402.pdf
% Collaborative verification of information flow for a high-assurance app store
% MD Ernst, R Just, S Millstein, WM Dietl, S Pernsteiner…

% https://www.informatik.tu-darmstadt.de/fileadmin/user_upload/Group_EC-Spride/Publikationen/droidforce_ares2014.pdf
% DROIDFORCE: Enforcing Complex, Data-Centric, System-Wide Policies in Android
% S Rasthofer, S Arzt, E Lovat, E Bodden

% https://www1.cs.fau.de/filepool/projects/android/complexity-metrics.pdf
% Android Malware Detection based on Software Complexity Metrics
% M Protsenko, T Müller

% http://publications.uni.lu/bitstream/10993/17251/1/history_matters.pdf
% Machine Learning-Based Malware Detection for Android Applications: History Matters!
% K Allix, TFDA Bissyande, J Klein, Y Le Traon - 2014

% http://mobis.informatik.uni-hamburg.de/wp-content/uploads/2014/06/FeatureSentiments.pdf
% How Do Users Like This Feature? A Fine Grained Sentiment Analysis of App Reviews
% E Guzman
% NLP on app reviews

% http://www.comp.nus.edu.sg/~a0091939/Publications/DroidPF.pdf
% DroidPF: A Framework for Automatic Verification of Android Applications
% G Bai, Y Wu, J Sun, J Wu, Y Liu, Q Zhang, JS Dong

%-- Things to add when have time --------------------------------------

%http://www.cis.syr.edu/~wedu/Research/publication.html
%- several here

% Riley Spahn, Jonathan Bell, Michael Lee, Sravan Bhamidipati, Roxana Geambasu,
% Gail Kaiser. ''lOS: Fine-Grained Data Management Abstractions for Modern
% Operating Systems.'' In Proceedings of the USENIX Operating Systems Design
% and Implementation (OSDI), Broomfield, CO, October 2014.

% http://cs.uiuc.edu/~madhu/asplos13.pdf
% H. Mai ... Sam King
% Verifying Security Invariants in ExpressOS
% ASPLOS 2013

% http://www.seg.inf.uc3m.es/~guillermo-suarez-tangil/papers/2014esorics-targetdroid.pdf
% Detecting Targeted Smartphone Malware with Behavior-Triggering Stochastic Models
% G Suarez-Tangil, M Conti, JE Tapiador, P Peris-Lopez

% SwiftHand
% http://www.cs.berkeley.edu/~necula/Papers/swifthand-oopsla13.pdf
% - code: https://github.com/wtchoi/SwiftHand

% Securing Embedded User Interfaces: Android and Beyond Franziska Roesner and
  volume={3},
% Tadayoshi Kohno, University of Washington Proceedings of the 22nd USENIX
% Security Symposium (2013)

% User Interface Toolkit Mechanisms for Securing Interface Elements Franziska
% Roesner, James Fogarty, and Tadayoshi Kohno, University of Washington
% Proceedings of the 25th ACM Symposium on User Interface Software and
% Technology (UIST 2012) 

% WANG, Y., HARIHARAN, S., ZHAO, C., LIU, J., AND DU, W. Compac: Enforce
% component-level access control in android. In Proceedings of 4th ACM
% Conference on Data and Application Security and Privacy (2014), CODASPY ’14.

% ZHANG, M., AND YIN, H. AppSealer: Automatic Generation of
% Vulnerability-Specific Patches for Preventing Component Hijacking Attacks in
% Android Applications. In Proceedings of the ISOC Network and Distributed
% System Security Symposium (NDSS) (San Diego, CA, 2014).

% Bousquet, A., Briffaut, J., Clevy, L., Toinard, C., and Venelle, B. Mandatory
% Access Control for the Android Dalvik Virtual Machine. In Workshop on
% Embedded Self-Organizing Systems (ESOS) (2013).

% A. Bartel, J. Klein, M. Monperrus, and Y. Le Traon.  Automatically securing
% permission-based software by reducing the attack surface: An application to
% Android. In IEEE/ACM International Conference on Automated Software
% Engineering (ASE), pages 274–277, 2012.

% M. Harman, Y. Jia, and Y. Zhang. App store mining and analysis: MSR for app
% stores. In IEEE Working Conference on Mining Software Repositories (MSR),
% pages 108–111, 2012.

% C. Hu and I. Neamtiu. Automating GUI testing for Android applications. In
% International Workshop on Automation of Software Test (AST), pages 77–83, New
% York, NY, USA, 2011.  ACM.

% Davis, B., Sanders, B., Khodaverdian, A., and Chen, H. I-arm-droid: A
% rewriting framework for in-app reference monitors for android applications.
% In Proceedings of the Workshop on Mobile Security Technologies (San
% Francisco, CA, May 2012), MOST ’12.

% Hao, H., Singh, V., and Du, W. On the eﬀectiveness of api-level access
% control using bytecode rewriting in android. In Proceedings of the 8th ACM
% Symposium on Information, Computer and Communications Security (2013),
% AsiaCCS ’13.  

% Luo, T., Hao, H., Du, W., Wang, Y., and Yin, H.  Attacks on webview in the
% android system. In Proceedings of the 27th Annual Computer Security
% Applications Conference (New York, NY, USA, 2011), ACSAC ’11, ACM, pp.
% 343–352.

% A. Machiry, R. Tahiliani, and M. Naik. Dynodroid: an input generation system
% for Android apps. In European Software Engineering Conference held jointly
% with ACM SIGSOFT International Symposium on Foundations of Software
% Engineering (ESEC/FSE), pages 224–234, New York, NY, USA, 2013. ACM.

% R. Stevens, J. Ganz, P. Devanbu, H. Chen, and V. Filkov.  Asking for (and
% about) permissions used by Android apps. In IEEE Working Conference on
% Mining Software Repositories (MSR), pages 31–40, San Francisco, CA, 2013.

% W. Yang, M. R. Prasad, and T. Xie. A grey-box approach for automated
% GUI-model generation of mobile applications. In International Conference on
% Fundamental Approaches to Software Engineering (FASE), pages 250–265, Berlin,
% Heidelberg, 2013. Springer-Verlag.

% http://sccpu2.cse.ust.hk/perfchecker/
% Yepang Liu, Chang Xu, and S.C. Cheung, "Characterizing and Detecting
% Performance Bugs for Smartphone Applications," in Proceedings of the 36th
% International Conference on Software Engineering (ICSE 2014), Hyderabad,
% India, June 2014, forthcoming.
%
% Yepang Liu, Chang Xu, and S.C. Cheung, "Where Has My Battery Gone? Finding
% Sensor Related  Energy Black Holes in Smartphone Applications," in
% Proceedings of the 11th IEEE International Conference on Pervasive Computing
% and Communications (PERCOM 2013), San Diego, California, USA, Mar 2013, pp.
% 2-10.

% Roesner, F., Kohno, T., Moshchuk, A., Parno, B., Wang, H. J., and Cowan, C.
% User-driven access control: Rethinking permission granting in modern
% operating systems. In Proceedings of the 2012 IEEE Symposium on Security and
% Privacy (may 2012), SP ’12, pp. 224 –238.

% ZHANG, X., AHLAWAT, A., , AND DU, W. Aframe: Isolating advertisements from
% mobile applications in android. In Annual Computer Security Applications
% Conference (2013), ACSAC ’13.

% ZHANG, M., AND YIN, H. AppSealer: Automatic Generation of
% Vulnerability-Specific Patches for Preventing Component Hijacking Attacks in
% Android Applications. In Proceedings of the ISOC Network and Distributed
% System Security Symposium (NDSS) (San Diego, CA, 2014).

% SINGH, K. Practical context-aware permission control for hybrid mobile
% applications. In Proceedings of the 16th International Symposium on Research
% in Attacks, Intrusions and Defenses (2013), RAID ’13.

% ROHRER, F., ZHANG, Y., CHITKUSHEV, L., AND ZLATEVA, T. Dr baca: Dynamic role
% based access control for android. In Annual Computer Security Applications
% Conference (2013), ACSAC ’13.

% POEPLAU, S., FRATANTONIO, Y., BIANCHI, A., KRUEGEL, C., AND VIGNA, G. Execute
% This! Analyzing Unsafe and Malicious Dynamic Code Loading in Android
% Applications. In Proceedings of NDSS’14.

% KELLEY, P. G., CONSOLVO, S., CRANOR, L. F., JUNG, J., SADEH, N., AND
% WETHERALL, D. A conundrum of permissions: Installng applications on an
% Android smartphone. In Proceedings of the Workshop on Usable Security (2012),
% USEC ’12.

% S. Lee, E. L. Wong, D. Goel, M. Dahlin, and V. Shmatikov. πbox: a platform
% for privacy-preserving apps. In Proceedings of the 10th USENIX conference on
% Networked Systems Design and Implementation, pages 501–514. USENIX
% Association, 2013.

% C. Shepard, A. Rahmati, C. Tossell, L. Zhong, and P. Kortum. Livelab:
% measuring wireless networks and smartphone users in the field. ACM SIGMETRICS
% Performance Evaluation Review, 38(3):15–20, 2011.

% N. Xia, H. H. Song, Y. Liao, M. Iliofotou, A. Nucci, Z.-L. Zhang, and A.
% Kuzmanovic. Mosaic: quantifying privacy leakage in mobile networks. In
% Proceedings of the ACM SIGCOMM 2013 conference on SIGCOMM, pages 279–290.
% ACM, 2013.

% Timothy Vidas, Nicolas Christin.  ASIACCS 2014 Evading Android Runtime
% Analysis via Sandbox Detection

% Collin Mulliner, William Robertson, Engin Kirda.  ASIACCS 2014
% VirtualSwindle: An Automated Attack Against In-App Billing on Android

% Min Zheng, Mingshen Sun, John C.S. Lui.  ASIACCS 2014 DroidRay: A Security
% Evaluation System for Customized Android Firmwares

% Wenbo Yang, Juanru Li, Yuanyuan Zhang, Yong Li, Junliang Shu, Dawu Gu.
% ASIACCS 2014 APKLancet: Tumor Payload Diagnosis and Purification for Android
% Applications

% Takala, T., Katara, M., and Harty, J. Experiences of System-Level Model-Based
% GUI Testing of an Android Application. In Proc. ICST 2011, IEEE Computer
% Society (2011), 377–386.

% -- Not phone, but relevant? ---------------------------------------------
% SIEFERS, J., TAN, G., AND MORRISETT, G. Robusta: Taming the native beast of
% the jvm. In Proceedings of the 17th ACM Conference on Computer and
% Communications Security (2010), CCS ’10, pp. 201–211.


