
@INPROCEEDINGS{hcf05,
  TITLE = {{Dynamic Taint Propagation for Java}},
  AUTHOR = {Vivek Haldar and Deepak Chandra and Michael Franz},
  BOOKTITLE = {Proceedings of the 21st Annual Computer Security
    Applications Conference (ACSAC)},
  YEAR = {2005},
  MONTH = {December},
  PAGES = {303--311},
}

@INPROCEEDINGS{wllc08,
  TITLE = {{PRECIP: Towards Practical and Retrofittable Confidential
    Information Protection}},
  AUTHOR = {XiaoFeng Wang and Zhuowei Li and Ninghui Li and Jong Youl
    Choi},
  BOOKTITLE = {Proceedings of 15th Network and Distributed System
    Security Symposium (NDSSâ€™08)},
  YEAR={2008},
}

@INPROCEEDINGS{cf07,
  TITLE = {{Fine-Grained Information Flow Analysis and Enforcement in a
    Java Virtual Machine}},
  AUTHOR = {Deepak Chandra and Michael Franz},
  BOOKTITLE={Proceedings of the 23rd Annual Computer Security
    Applications Conference (ACSAC)},
  YEAR = {2007},
  MONTH = {December},
}

@INPROCEEDINGS{ns05,
  TITLE = {{Dynamic Taint Analysis for Automatic Detection, Analysis,
    and Signature Generation of Exploits on Commodity Software}},
  AUTHOR = {James Newsome and Dawn Song},
  BOOKTITLE = {Proceedings of the 12th Network and Distributed System
    Security Symposium (NDSS)},
  YEAR = {2005}
}

@INPROCEEDINGS{vbc+04,
  TITLE = {{RIFLE: An Architectural Framework for User-Centric
    Information-Flow Security}},
  AUTHOR = {Neil Vachharajani and Matthew J. Bridges and Jonathan Chang
    and Ram Rangan and Guilherme Ottoni and Jason A. Blome and George A.
      Reis and Manish Vachharajani and David I. August},
  YEAR = {2004},
  ORGANIZATION = {IEEE Computer Society Washington, DC, USA},
  BOOKTITLE = {Proceedings of the 37th annual IEEE/ACM International
    Symposium on Microarchitecture},
  PAGES = {243--254},
}

@INPROCEEDINGS{vnj+07,
  TITLE = {{Cross-Site Scripting Prevention with Dynamic Data Tainting and
    Static Analysis}},
  AUTHOR = {Philipp Vogt and Florian Nentwich and Nenad Jovanovic and Engin
    Kirda and Christopher Kruegel and Giovanni Vigna},
  BOOKTITLE = {Proceedings of the 14th Network \& Distributed System Security
    Symposium},
  YEAR = {2007},
}


@INPROCEEDINGS{yse+07,
  TITLE = {{Panorama: Capturing System-wide Information Flow for Malware
    Detection and Analysis}},
  AUTHOR = {Heng Yin and Dawn Song and Manuel Egele and Christopher
    Kruegel and Engin Kirda},
  BOOKTITLE = {Proceedings of the 14th ACM conference on Computer and
    Communications Security},
  PAGES = {116--127},
  YEAR = {2007},
}

@INPROCEEDINGS{qwl+06,
  TITLE = {{LIFT: A Low-Overhead Practical Information Flow Tracking
    System for Detecting Security Attacks}},
  AUTHOR = {Feng Qin and Chen Wang and Zhenmin Li and Ho-seop Kim and
    Yuanyuan Zhou and Youfeng Wu},
  BOOKTITLE = {Proceedings of the 39th Annual IEEE/ACM International
    Symposium on Microarchitecture},
  PAGES = {135--148},
  YEAR = {2006},
  ORGANIZATION = {IEEE Computer Society Washington, DC, USA}
}

@INPROCEEDINGS{clo07,
  TITLE = {{Dytan: A Generic Dynamic Taint Analysis Framework}},
  AUTHOR = {James Clause and Wanchun Li and Alessandro Orso},
  BOOKTITLE = {Proceedings of the 2007 international symposium on
    Software testing and analysis},
  PAGES = {196--206},
  YEAR = {2007},
  ORGANIZATION = {ACM New York, NY, USA}
}

@INPROCEEDINGS{ymc07,
  TITLE = {{TightLip: Keeping Applications from Spilling the Beans}},
  AUTHOR = {Aydan R. Yumerefendi and Benjamin Mickle and Landon P. Cox},
  BOOKTITLE = {Proceedings of the 4th USENIX Symposium on Network
    Systems Design \& Implementation (NSDI)},
  YEAR = {2007},
  PAGES = {159--172},
}

@INPROCEEDINGS{jsg+08,
  TITLE = {{Privacy Oracle: A System for Finding Application Leaks with
    Black Box Differential Testing}},
  AUTHOR = {Jaeyeon Jung and Anmol Sheth and Ben Greenstein and David
    Wetherall and Gabriel Maganis and Tadayoshi Kohno},
  BOOKTITLE = {Proceedings of the 15th ACM conference on Computer and
    Communications Security},
  PAGES = {279--288},
  YEAR = {2008},
  ORGANIZATION = {ACM New York, NY, USA}
}

@INPROCEEDINGS{hom06,
  TITLE = {{Using Positive Tainting and Syntax-Aware Evaluation to
    Counter SQL Injection Attacks}},
  AUTHOR = {William G.J. Halfond and Alessandro Orso and Panagiotis
    Manolios},
  BOOKTITLE = {Proceedings of the 14th ACM SIGSOFT international
    symposium on Foundations of software engineering},
  PAGES = {175--185},
  YEAR = {2006},
  ORGANIZATION = {ACM New York, NY, USA}
}

@ARTICLE{hom08,
  TITLE = {{WASP: Protecting Web Applications Using Positive Tainting
    and Syntax-Aware Evaluation}},
  AUTHOR = {William G.J. Halfond and Allesandro Orso and Panagiotis
    Manolios},
  JOURNAL = {IEEE Transactions on Software Engineering},
  VOLUME = {34},
  NUMBER = {1},
  PAGES = {65--81},
  YEAR = {2008}
}

@TECHREPORT{zjs+09,
  TITLE = {{Privacy Scope: A Precise Information Flow Tracking System
    For Finding Application Leaks}},
  AUTHOR = {David Zhu and Jaeyeon Jung and Dawn Sung and Tadayoshi Kohno
    and David Wetherall},
  NUMBER = {EECS-2009-145},
  INSTITUTION = {Department of Computer Science, UC Berkeley},
  YEAR={2009}
}

@INPROCEEDINGS{kbrv07,
  TITLE = {{Improving Signature Testing Through Dynamic Data Flow
    Analysis}},
  AUTHOR = {Christopher Kruegel and Davide Balzarotti and William
    Robertson and Giovanni Vigna},
  BOOKTITLE = {Proceedings of the 23rd Annual Computer Security
    Applications Conference},
  PAGES = {53--63},
  MONTH = {December},
  YEAR = {2007},
}

@INPROCEEDINGS{kkb+06,
  TITLE = {{Behavior-based Spyware Detection}},
  AUTHOR = {Engin Kirda and Christopher Kruegel and Greg Banks and
    Giovanni Vigna and Richard A. Kemmerer},
  BOOKTITLE = {Proceedings of the 15th USENIX Security Symposium},
  MONTH = {August},
  YEAR = {2006},
  PAGES = {273--288},
}

@INPROCEEDINGS{sb09,
  TITLE = {{Pointless Tainting? Evaluating the Practicality of Pointer
    Tainting}},
  AUTHOR = {Asia Slowinska and Herbert Bos},
  BOOKTITLE = {Proceedings of the European Conference on Computer
    Systems (EuroSys)},
  PAGES = {61--74},
  MONTH = {April},
  YEAR = {2009},
}



%INPROCEEDINGS{mvdl06,
%  TITLE = {{Using Labeling to Prevent Cross-Service Attacks Against
%    Smart Phones}},
%  AUTHOR = {Collin Mulliner and Giovanni Vigna and David Dagon and Wenke
    Lee},
%  BOOKTITLE = {Proceedings of the Conference on Detection of Intrusions
%    and Malware \& Vulnerability Assessment (DIMVA)},
%  MONTH = {July},
%  YEAR = {2006},
%  PAGES = {91--108},
%}

@TECHREPORT{nsct07,
  TITLE = {{Design and Implementation of a Virtual Machine Based
    Information Flow Control System}},
  AUTHOR = {Srijith K. Nair and Patrick N.D. Simpson and Bruno Crispo
    and Andrew S. Tanenbaum},
  INSTITUTION = {Department of Computer Science, Vrije Universiteit},
  NUMBER = {IR-CS-040},
  YEAR = {2007},
}

@INPROCEEDINGS{cpg+04,
  TITLE = {{Understanding Data Lifetime via Whole System Simulation}},
  AUTHOR = {Jim Chow and Ben Pfaff and Tal Garfinkel and Kevn
    Christopher and Mendel Rosenblum},
  BOOKTITLE = {Proceedings of the 13th USENIX Security Symposium},
  MONTH = {August},
  YEAR = {2004},
}

@INPROCEEDINGS{cc04,
  TITLE = {{Minos: Control Data Attack Prevention Orthogonal to Memory
    Model}},
  AUTHOR = {Jedidiah R. Crandall and Frederic T. Chong},
  BOOKTITLE = {Proceedings of the International Symposium on
    Microarchitecture},
  MONTH = {December},
  YEAR = {2004},
  PAGES = {221--232},
}

@INPROCEEDINGS{slzd04,
  TITLE = {{Secure Program Execution via Dynamic Information Flow
    Tracking}},
  AUTHOR = {G. Edward Suh and Jae W. Lee and David Zhang and Srinivas
    Devadas},
  BOOKTITLE = {Proceedings of the conference on Architectural Support
    for Programming Languages and Operating Systems (ASPLOS)},
  MONTH = {October},
  YEAR = {2004},
  PAGES = {85--96},
}

@INPROCEEDINGS{ccc+05,
  TITLE = {{Vigilante: End-to-End Containment of Internet Worms}},
  AUTHOR = {Manuel Costa and Jon Crowcroft and Miguel Castro and Antony
    Rowstron and Lidong Zhou and Lintao Zhang and Paul Barham},
  BOOKTITLE = {Proceedings of the ACM Symposium on Operating Systems
    Principles (SOSP)},
  MONTH = {October},
  YEAR = {2005},
  PAGES = {133--147},
}

@INPROCEEDINGS{ekk+07,
  TITLE = {{Dyanmic Spyware Analysis}},
  AUTHOR = {Manuel Egele and Christopher Kruegel and Engin Kirda and
    Heng Yin and Dawn Song},
  BOOKTITLE = {Proceedings of the USENIX Annual Technical Conference},
  MONTH = {June},
  YEAR = {2007},
  PAGES = {233--246},
}

@INPROCEEDINGS{ah90,
  TITLE = {{Dynamic Program Slicing}},
  AUTHOR = {Hiralal Agrawal and Joseph R. Horgan},
  BOOKTITLE = {Proceedings the conference on Programming Language Design
    and Implemenation (PLDI)},
  MONTH = {June},
  YEAR = {1990},
  PAGES = {246--256},
}

@ARTICLE{kl90,
  TITLE = {{Dynamic Slicing of Computer Programs}},
  AUTHOR = {Bogdan Korel and Janusz Laski},
  JOURNAL = {Journal of Systems and Software},
  VOLUME = {13},
  NUMBER = {3},
  MONTH = {November},
  YEAR = {1990},
  PAGES = {187--195},
}



@ARTICLE{dd77,
  TITLE = {{Certification of Programs for Secure Information Flow}},
  AUTHOR = {Dorothy E. Denning and Peter J. Denning},
  JOURNAL = {Communications of the ACM},
  VOLUME = {20},
  NUMBER = {7},
  MONTH = {July},
  YEAR = {1977},
}

@INPROCEEDINGS{xbs06,
  TITLE = {{Taint-Enhanced Policy Enforcement: A Practical Approach to
    Defeat a Wide Range of Attacks}},
  AUTHOR = {Wei Xu and Sandeep Bhatkar and R. Sekar},
  BOOKTITLE = {Proceedings of the USENIX Security Symposium},
  MONTH = {August},
  YEAR = {2006},
  PAGES = {121--136},
}

@ARTICLE{ns03,
  TITLE = {{Valgrind: A Program Supervision Framework}},
  AUTHOR = {Nicholas Nethercote and Julian Seward},
  JOURNAL = {Electronic Notes in Theoretical Computer Science},
  VOLUME = {89},
  NUMBER = {2},
  MONTH = {October},
  YEAR = {2003},
  PAGES = {44--66},
}

@INPROCEEDINGS{bwwa06,
  TITLE = {{Software-Based Transparent and Comprehensive Control-Flow
    Error Detection}},
  AUTHOR = {Edson Borin and Cheng Wang and Youfeng Wu and Guido Araujo},
  BOOKTITLE = {Proceedings of the International Symposium on Code
    Generation and Optimization (CGO)},
  YEAR = {2006},
  PAGES = {333--345},
}

@INPROCEEDINGS{lcm05,
  TITLE = {{Pin: Building Customized Program Analysis Tools with Dynamic
    Instrumentation}},
  AUTHOR = {Chi-Keung Luk and Robert Cohn and Robert Muth and Harish
    Patil and Artur Klauser and Geoff Lowney and Steven Wallace and
      Vijay Janapa Reddi and Kim Hazelwood},
  BOOKTITLE = {Proceedings of the confernece on Programming Langauge
    Design and Implementation (PLDI)},
  MONTH = {June},
  YEAR = {2005},
  PAGES = {190--200},
}

@INPROCEEDINGS{bdb00,
  TITLE = {{Dynamo: A Transparent Dynamic Optimization System}},
  AUTHOR = {Vasanth Bala and Evelyn Duesterwald and Sanjeev Banerjia},
  BOOKTITLE = {Proceedings of the confernece on Programming Langauge
    Design and Implementation (PLDI)},
  YEAR = {2000},
  PAGES = {1--12},
}

@INPROCEEDINGS{hr98,
  TITLE = {{The SLam Calculus: Programming with Secrecy and Integrity}},
  AUTHOR = {Nevin Heintze and Jon G. Riecke},
  BOOKTITLE = {Proceedings of the Symposium on Principles of Programming
    Languages (POPL)},
  YEAR = {1998},
  PAGES = {365--377},
}

@INPROCEEDINGS{sg78,
  TITLE = {{A Hardware Architecture for Controlling Information Flow}},
  AUTHOR = {Harry J. Saal and Israel Gat},
  BOOKTITLE = {Proceedings of the International Symposium on Computer
    Architecture (ISCA)},
  YEAR = {1978},
  PAGES = {73--77},
}

@ARTICLE{lan92,
  TITLE = {{Undecidability of Static Analysis}},
  AUTHOR = {William Landi},
  JOURNAL = {ACM Letters on Programming Languages and Systems (LOPLAS)},
  VOLUME = {1},
  NUMBER = {4},
  YEAR = {1992},
  PAGES = {323--337},
}

@ARTICLE{sm03,
  TITLE = {{Language-based information-flow security}},
  AUTHOR = {Andrei Sabelfeld and Andrew C. Myers},
  JOURNAL = {IEEE Journal on Selected Areas in Communication},
  VOLUME = {21},
  NUMBER = {1},
  MONTH = {January},
  YEAR = {2003},
  PAGES = {5--19},
}

@INPROCEEDINGS{lc06,
  TITLE = {{A General Dynamic Information Flow Tracking Framework for
    Security Applications}},
  AUTHOR = {Lap Chung Lam and Tzi-cker Chiueh},
  BOOKTITLE = {Proceedings of the Annual Computer Security Applications
    Conference (ACSAC)},
  MONTH = {December},
  YEAR = {2006},
  PAGES = {463--472},
}

@INPROCEEDINGS{czyh06,
  TITLE = {{TaintTrace: Efficient Flow Tracing with Dyanmic Binary
    Rewriting}},
  AUTHOR = {Winnie Cheng and Qin Zhao and Bei Yu and Scott Hiroshige},
  BOOKTITLE = {Proceedings of the IEEE Symposium on Computers and
    Communications (ISCC)},
  MONTH = {June},
  YEAR = {2006},
  PAGES = {749--754},
}

@INPROCEEDINGS{ssp08,
  TITLE = {{Efficient Fine-Grained Binary Instrumentation with
    Applications to Taint-Tracking}},
  AUTHOR = {Prateek Saxena and R. Sekar and Varun Puranik},
  BOOKTITLE = {Proceedings of the IEEE/ACM symposium on Code Generation
    and Optimization (CGO)},
  MONTH = {April},
  YEAR = {2008},
  PAGES = {74--83},
}

@INPROCEEDINGS{hfc+06,
  TITLE = {{Practical Taint-Based Protection using Demand Emulation}},
  AUTHOR = {Alex Ho and Michael Fetterman and Christopher Clark and
    Andrew Warfield and Steven Hand},
  BOOKTITLE = {Proceedings of the European Conference on Computer
    Systems (EuroSys)},
  MONTH = {April},
  YEAR = {2006},
  PAGES = {29--41},
}

@INPROCEEDINGS{ham06,
 AUTHOR = {Boniface Hicks and Kiyan Ahmadizadeh and Patrick McDaniel},
 TITLE = {Understanding Practical Application Development in Security-Typed Languages},
 BOOKTITLE = {22st Annual Computer Security Applications Conference (ACSAC)},
 PAGES = {153--164},
 ADDRESS = {Miami, Fl},
 MONTH = {December},
 YEAR = {2006}
}

% Soundiness
@ARTICLE{lss+15,
 AUTHOR = {Livshits, Benjamin and Sridharan, Manu and Smaragdakis, Yannis and Lhot\'{a}k, Ond\v{r}ej and Amaral, J. Nelson and Chang, Bor-Yuh Evan and Guyer, Samuel Z. and Khedker, Uday P. and M{\o}ller, Anders and Vardoulakis, Dimitrios},
 TITLE = {In Defense of Soundiness: A Manifesto},
 JOURNAL = {Commun. ACM},
 ISSUE_DATE = {February 2015},
 VOLUME = {58},
 NUMBER = {2},
 MONTH = jan,
 YEAR = {2015},
} 

@INPROCEEDINGS{khhj08,
  TITLE={Implicit flows: Can't live with 'em, can't live without 'em},
  AUTHOR={King, Dave and Hicks, Boniface and Hicks, Michael and Jaeger, Trent},
  BOOKTITLE={International Conference on Information Systems Security},
  year={2008},
}
