@inproceedings{Fahl:2012:WEM:2382196.2382205,
 author = {Fahl, Sascha and Harbach, Marian and Muders, Thomas and Baumg\"{a}rtner, Lars and Freisleben, Bernd and Smith, Matthew},
 title = {Why Eve and Mallory Love Android: An Analysis of Android SSL (in)Security},
 booktitle = {Proceedings of the 2012 ACM Conference on Computer and Communications Security},
 series = {CCS '12},
 year = {2012},
 isbn = {978-1-4503-1651-4},
 location = {Raleigh, North Carolina, USA},
 pages = {50--61},
 numpages = {12},
 url = {http://doi.acm.org.proxy.wm.edu/10.1145/2382196.2382205},
 doi = {10.1145/2382196.2382205},
 acmid = {2382205},
 publisher = {ACM},
 address = {New York, NY, USA},
 keywords = {android, apps, mitma, security, ssl},
} 

@inproceedings{Enck:2009:LMP:1653662.1653691,
 author = {Enck, William and Ongtang, Machigar and McDaniel, Patrick},
 title = {On Lightweight Mobile Phone Application Certification},
 booktitle = {Proceedings of the 16th ACM Conference on Computer and Communications Security},
 series = {CCS '09},
 year = {2009},
 isbn = {978-1-60558-894-0},
 location = {Chicago, Illinois, USA},
 pages = {235--245},
 numpages = {11},
 url = {http://doi.acm.org.proxy.wm.edu/10.1145/1653662.1653691},
 doi = {10.1145/1653662.1653691},
 acmid = {1653691},
 publisher = {ACM},
 address = {New York, NY, USA},
 keywords = {android, malware, mobile phone security},
} 



@inproceedings{Felt:2011:PRA:2028067.2028089,
 author = {Felt, Adrienne Porter and Wang, Helen J. and Moshchuk, Alexander and Hanna, Steven and Chin, Erika},
 title = {Permission Re-delegation: Attacks and Defenses},
 booktitle = {Proceedings of the 20th USENIX Conference on Security},
 series = {SEC'11},
 year = {2011},
 location = {San Francisco, CA},
 pages = {22--22},
 numpages = {1},
 url = {http://dl.acm.org/citation.cfm?id=2028067.2028089},
 acmid = {2028089},
 publisher = {USENIX Association},
 address = {Berkeley, CA, USA},
} 





@INPROCEEDINGS{dsd13,
  AUTHOR = {Jane Doe and John Smith and John Doe},
  TITLE = {{A Sample BibTeX Entry}},
  BOOKTITLE = {Proceedings of the Sample BibTeX Conference (SBC)},
  YEAR = 2013,
}


