
% Programming by Example (PBE)
@inproceedings{gul11,
 author = {Gulwani, Sumit},
 title = {{Automating String Processing in Spreadsheets Using Input-output Examples}},
 booktitle = {Proceedings of the 38th Annual ACM SIGPLAN-SIGACT Symposium on Principles of Programming Languages},
 year = {2011},
 month = jan,
 pages = {317--330},
} 

% CONTEXT_SENSITIVITY
@InCollection{sp81,
  author={Micha Sharir and Amir Pnueli},
  title={{Two Approaches to Interprocedural Data Flow Analysis}},
  booktitle={Program Flow Analysis: Theory and Applications},
  year={1981},
}

@ARTICLE{reps98,
  title={{Program Analysis via Graph Reachability}},
  author={Thomas W. Reps},
  journal={Information \& Software Technology},
  year={1998},
  number={11-12},
  volume={40},
}

@PHDTHESIS{shi91,
  title={{Control-Flow Analysis of Higher-Order Languages}},
  author={Shivers, Olin},
  year={1991},
  school={Carnegie Mellon University Pittsburgh, PA}
}

@INPROCEEDINGS{vcg+99,
  TITLE={Soot-a Java bytecode optimization framework},
  AUTHOR={Vall{\'e}e-Rai, Raja and Co, Phong and Gagnon, Etienne and Hendren, Laurie and Lam, Patrick and Sundaresan, Vijay},
  BOOKTITLE={Proceedings of the 1999 conference of the Centre for Advanced Studies on Collaborative research},
  PAGES={13},
  YEAR={1999},
  ORGANIZATION={IBM Press}
}
