@MISC{android-task,
  AUTHOR = {{Android Developers}},
  TITLE = {{Tasks and Back Stack}},
  HOWPUBLISHED = {\url{http://developer.android.com/guide/components/tasks-and-back-stack.html}},
  NOTE = {Accessed January 2013},
}

@MISC{convergence,
  AUTHOR = {{Moxie Marlinspike}},
  TITLE = {{Convergence}},
  HOWPUBLISHED = {\url{http://convergence.io/}},
  NOTE = {Accessed March 2013},
}

@MISC{wireshark,
  AUTHOR = {Gerald Combs},
  TITLE = {{Wireshark}},
  HOWPUBLISHED = {\url{http://www.wireshark.org/}},
  NOTE = {Accessed April 2013},
}

@MISC{pkpe,
  AUTHOR = {{Google}},
  TITLE = {{Public Key Pinning Extensions for HTTP (PKPE)}},
  HOWPUBLISHED = {\url{http://tools.ietf.org/html/draft-ietf-websec-key-pinning-04}},
  NOTE = {Accessed April 2013},
}

@MISC{tack,
  AUTHOR = {{Moxie Marlinspike}},
  TITLE = {{Trust Assertions for Certificate Keys (TACK)}},
  HOWPUBLISHED = {\url{http://tack.io/draft.html}},
  NOTE = {Accessed April 2013},
}

@MISC{r10,
  AUTHOR = {Aza Raskin},
  TITLE = {{Tabnabbing: A new type of phishing
  attack.}},
  HOWPUBLISHED =
  {\url{http://www.azarask.in/blog/post/a-new-type-of-phishing-attack/}},
  YEAR = 2010,
}

@MISC{mitb,
  AUTHOR = {Philipp Guhring},
  TITLE = {{Concepts against Man-in-the-Browser Attacks}},
  HOWPUBLISHED ={\url{http://www.cacert.at/svn/sourcerer/CAcert/SecureClient.pdf}},
  NOTE = {Accessed December 2012},
}
@MISC{eff-observatory,
  AUTHOR = {{The Electronic Frontier Foundation}},
  TITLE = {{EFF SSL Observatory}},
  HOWPUBLISHED = {\url{https://www.eff.org/observatory}},
  NOTE = {Accessed October 2012},
}

@MISC{fblike,
  AUTHOR = {Amir Efrati},
  TITLE = {{'Like' Button Follows Web Users}},
  HOWPUBLISHED =
  {\url{http://online.wsj.com/article/SB10001424052748704281504576329441432995616.html?mod=WSJ_Tech_LEADTop}},
  YEAR = 2011,
}

@MISC{fbcookie,
  AUTHOR = {Nik Cubrilovic},
  TITLE = {{Logging out of Facebook is not enough}},
  HOWPUBLISHED =
  {\url{http://www.nikcub.com/posts/logging-out-of-facebook-is-not-enough}},
  YEAR = 2011,
}

@MISC{s11,
  AUTHOR = {Bill Slawski},
  TITLE = {{Facebook Patent Application Describes Receiving Data from
	  Logged-Out Users to Target Ads}},
  HOWPUBLISHED =
  {\url{http://www.seobythesea.com/2011/09/facebook-patent-application-target-ads/}},
  YEAR = 2011,
}

@ARTICLE{es00,
  AUTHOR = {Carl Ellison and Bruce Schneier},
  TITLE = {{Ten Risks of PKI: What You’re not Being
Told about Public Key Infrastructure}},
  JOURNAL = {Computer Secur J},
  VOLUME = 16,
  NUMBER = 1,
  PAGES = {1-7},
  YEAR = 2000,
}

@INPROCEEDINGS{jb08,
  AUTHOR = {Collin Jackson and Adam Barth},
  TITLE = {{ForceHTTPS: Protecting High-Security Web Sites from Network Attacks}},
  BOOKTITLE = {Proceedings of the 17th International ACM Conference on
	  World Wide Web},
  YEAR = 2008,
}

@MISC{l11,
  AUTHOR = {Woody Leonhard},
  TITLE = {{Weaknesses in SSL certification exposed by Comodo security
	  breach}},
  HOWPUBLISHED =
  {\url{https://www.infoworld}
    \url{.com/t/authentication/weaknesses-in-ssl-}
    \url{certification-exposed-comodo-security-} \url{breach-593}},
  YEAR = 2011,
}

@MISC{k11,
  AUTHOR = {Dan Kaplan},
  TITLE = {{DigiNotar breach fallout widens as more details emerge}},
  HOWPUBLISHED =
  {\url{http://www.scmagazine.com/}
    \url{diginotar-breach-fallout-widens-as-more-} \url{details-emerge/article/211349/}},
  YEAR = 2011,
}

@MISC{e12,
  AUTHOR = {Nikolay Elenkov},
  TITLE = {{Certificate pinning in Android 4.2}},
  HOWPUBLISHED =
  {\url{http://nelenkov.blogspot.com/2012/12/certificate-pinning-in-android-42.html}},
  YEAR = 2012,
}

@MISC{https-everywhere,
  AUTHOR = {{Electronic Frontier Foundation}},
  TITLE = {{HTTPS Everywhere}},
  HOWPUBLISHED =
  {\url{https://www.eff.org/https-everywhere}},
  NOTE = {Accessed April 2013},
}

@MISC{maine11,
AUTHOR = {Kurt Maine},
TITLE = {{Percentage of Web sites Using HTML5}},
HOWPUBLISHED =
{\url{http://www.binvisions.com/articles/how-many-percentage-web-sites-using-html5/}},
NOTE = {Accessed April 2013},
YEAR = 2011,
}

@MISC{graziano13,
AUTHOR = {Dan Graziano},
TITLE = {{Jelly Bean's market share is up but Gingerbread just won't die}},
HOWPUBLISHED =
{\url{http://bgr.com/2013/02/08/android-} \url{version-distribution-february-2013-316698/}},
NOTE = {Accessed April 2013},
YEAR = 2013,
}

@MISC{protalinski13,
AUTHOR = {Emil Protalinski},
TITLE = {{Facebook's Android app can now retrieve data about what apps you
use}},
HOWPUBLISHED =
{\url{http://thenextweb} \url{.com/facebook/2013/04/13/facebooks-}
  \url{android-app-can-now-retrieve-data-} \url{about-what-apps-you-use/}},
YEAR = 2013,
}

@MISC{or13,
AUTHOR = {Kurt Opsahl and Rainey Reitman},
TITLE = {{Facebook’s Android app can now retrieve data about what apps you
use}},
HOWPUBLISHED =
{\url{https://www.eff.org/deeplinks/2013/04/disconcerting-details-how-facebook-teams-data-brokers-show-you-targeted-ads}},
YEAR = 2013,
NOTE = {Accessed April 2013},
}

@MISC{ios_apps,
  AUTHOR = {Apple},
  Title = {{Apple Updates iOS to 6.1}},
  MONTH = mar,
  YEAR = 2013,
  NOTE = {\url{http://www.apple.com/pr/library/2013/01/28Apple-Updates-iOS-to-6-1.html}},
}

@MISC{play_apps,
  AUTHOR = {Brian Womack},
  Title = {{Google Says 700,000 Applications Available for Android}},
  MONTH = oct,
  YEAR = 2012,
  HOWPUBLISHED = {Bloomberg Businessweek},
  NOTE =
  {\url{http://www.businessweek.com/news/2012-10-29/google-says-700-000-applications-}
    \url{available-for-android-devices}},
}

@MISC{android-dashboard,
  AUTHOR = {{Android Developers}},
  TITLE = {{Dashboards}},
  HOWPUBLISHED =
  {\url{http://developer.android.com/about/dashboards/index.html}},
  NOTE = {Accessed May 4, 2013},
}

@MISC{chrome_sandbox,
  AUTHOR = {Jay Civelli},
  Title = {{Chrome for Android just got safer}},
  MONTH = September,
  YEAR = 2012,
  HOWPUBLISHED = {Google Chrome Blog},
  NOTE =
  {\url{http://chrome.blogspot.com/2012/09/chrome-for-android-just-got-safer.html}},
}

@MISC{fluidapp,
  AUTHOR = {Todd Ditchendorf},
  Title = {{Turn Your Favorite Web Apps into Real Mac Apps}},
  YEAR = 2012,
  HOWPUBLISHED = {http://fluidapp.com/about/},
  NOTE = {Accessed May 5, 2013},
}
@MISC{phonegap,
  KEY = {PhoneGap},
  Title = {{PhoneGap}},
  YEAR = 2012,
  HOWPUBLISHED = {http://phonegap.com/about/},
  NOTE = {Accessed May 5, 2013},
}
%%-- Secure Browsers ----------------------------------------------------------

@INPROCEEDINGS{gtk08,
  AUTHOR = {Chris Grier and Shuo Tang and Samuel T. King},
  TITLE = {{Secure web browsing with the OP web browser}},
  BOOKTITLE = {Proceedings of the 2008 IEEE Symposium on Security and
	  Privacy},
  YEAR = 2008,
}

@INPROCEEDINGS{tmk10,
  AUTHOR = {Shuo Tang and Haohui Mai and Samuel T. King},
  TITLE = {{Trust and Protection in the Illinois Browser Operating System}},
  BOOKTITLE = {Proceedings of the 9th USENIX conference on Operating
	  systems design and implementation},
  YEAR = 2010,
}

@INPROCEEDINGS{hwe+10,
  AUTHOR = {Lin-Shung Huang and Zack Weinberg and Chris Evans and Collin
	  Jackson},
  TITLE = {{Protecting browsers from cross-origin CSS attacks}},
  BOOKTITLE = {Proceedings of the 17th ACM conference on Computer and
	  communications security},
  PAGES = {619--629},
  YEAR = 2010,
}

@INPROCEEDINGS{jdr+10,
  AUTHOR = {Karthick Jayaraman and Wenliang Du and Balamurugan Rajagopalan and
  Steve J.Chapin},
  TITLE = {{ESCUDO: A Fine-Grained Protection Model for Web Browsers}},
  BOOKTITLE = {Proceedings of the 2010 IEEE 30th International Conference
	  on Distributed Computing Systems (ICDCS)},
  PAGES = {231--240},
  YEAR = 2010,
}

@INPROCEEDINGS{cbr+11,
  AUTHOR = {Eric Y. Chen and Jason Bau and Charles Reis and Adam Barth and
  Collin Jackson},
  TITLE = {{App Isolation: Get the Security of Multiple Browsers with Just One}},
  BOOKTITLE = {Proceedings of the 18th ACM conference on Computer
  and communications security. ACM},
  YEAR = 2011,
}

@INPROCEEDINGS{am98,
  AUTHOR = {Vinod Anupam and Alain Mayer},
  TITLE = {{Security of web browser scripting languages: vulnerabilities,
	  attacks, and remedies}},
  BOOKTITLE = {Proceedings of the 7th USENIX Security Symposium},
  PAGES={187--200},
  YEAR = 1998,
}

@INPROCEEDINGS{chg+06,
  AUTHOR = {Richard S Cox and Jacob Gorm Hanson and Steven D Gribble and
	  Henry M Levy},
  TITLE = {{A safety-oriented platform for web applications}},
  BOOKTITLE = {2006 IEEE Symposium on Security and Privacy},
  PAGES={15--pp},
  YEAR = 2006,
}

@INPROCEEDINGS{jbb+06,
  AUTHOR = {Collin Jackson and Andrew Bortz and Dan Boneh and John C
	  Mitchell},
  TITLE = {{Protecting browser state from web privacy attacks}},
  BOOKTITLE = {Proceedings of the 15th international conference on World
	  Wide Web},
  PAGES={733--744},
  YEAR = 2006,
  ORGANIZATION = {ACM},
}
